2604 3972
201 298 264 362 148
623 293 657 355 G.
676 292 773 355 Pthl

199 449 342 529 hospitio,
370 457 398 509 ut
414 450 518 509 honum
530 457 639 526 patrem
653 444 792 522 familiae,
819 429 849 506 nt
867 444 1031 524 diligentem
1044 444 1200 524 agricolam

200 534 341 611 intuebar,
357 531 393 593 tle
407 531 451 594 his
466 531 613 593 locuturus
628 531 656 591 in
671 528 772 608 quihus
785 527 864 589 illum
877 530 986 592 versari
1001 531 1147 610 putatam
1169 540 1199 591 et
1293 529 1294 550 ³

202 635 371 697 coeperam,
396 635 459 676 cum
475 613 525 676 ille
542 632 587 674 me
602 612 767 676 doctissimo
782 629 915 673 sermone
925 615 1074 676 revooavit
1090 613 1126 674 ad
1139 623 1199 676 stu-

178 701 258 765 tuta.
280 699 369 774 Quam
384 708 460 760 tersa
474 697 579 761 omnia!
595 716 677 777 quam
693 694 801 756 hatiual
816 715 898 775 quam
913 694 1036 760 Graeca!
1051 697 1123 758 Nam
1139 707 1199 758 tan·
1293 697 1294 712 ¹

200 796 258 846 tum
279 793 398 863 utraque
419 783 515 860 lingua
531 780 608 842 valet
629 791 659 842 ut
681 799 714 841 ea
736 781 825 858 magia
838 779 967 842 rideatur
981 780 1129 844 excellere
1143 787 1223 860 quae

201 887 264 929 cum
286 868 405 928 maxime
430 865 564 945 loquitur.
604 863 743 938 Quantum
766 863 816 924 ille
839 863 924 942 legit!
951 874 1083 942 quantum
1106 865 1199 926 tenet!

174 952 320 1014 ththenis
337 951 436 1010 uivere
450 949 602 1027 hominem,
617 966 674 1010 nou
687 951 716 1008 in
732 947 799 1008 villa
819 957 914 1027 putes.
940 946 1014 1021 Quid
1030 946 1137 1009 multai
1151 967 1200 1009 au·
1293 1013 1294 1016 ,

199 1038 242 1096 xit
263 1034 483 1096 sollicitudinem
501 1050 592 1092 meam
613 1033 767 1111 effecitque
789 1041 819 1092 ιι
841 1030 898 1091 illis
920 1049 993 1110 quos
1016 1031 1199 1094 doctissimos

198 1121 336 1179 horinon
352 1119 442 1178 minus
456 1117 509 1178 hos
528 1116 663 1178 sednetos
682 1124 711 1176 et
733 1116 814 1193 quasi
834 1116 959 1176 rusticos
978 1133 1090 1176 verear.
1120 1115 1201 1176 lolem

173 1203 306 1266 esuaieo
318 1201 378 1262 tihi.
408 1202 478 1262 Sunt
489 1202 563 1261 enim
578 1211 608 1262 ιι
621 1202 649 1260 in
665 1201 764 1260 castris
780 1199 823 1258 sic
836 1199 922 1259 etiam
935 1201 964 1259 in
977 1199 1079 1261 litteris
1094 1200 1240 1263 nostrisltt
1293 1251 1294 1262 ,

199 1285 298 1365 plures
313 1284 391 1347 cultu
404 1302 533 1364 pagano,
552 1300 624 1363 qnos
641 1285 751 1345 cinctos
765 1290 794 1342 et
814 1291 950 1360 armatos,
973 1292 1003 1343 et
1023 1282 1136 1360 quidem
1156 1301 1199 1344 ar·
1293 1353 1294 1360 ἵ

200 1369 367 1431 lentissimo
378 1371 506 1446 ingenio,
524 1368 676 1446 diligenter
688 1373 830 1428 scrutatus
843 1365 982 1426 invenies.
1012 1365 1093 1427 Vale.

643 1498 746 1560 xxvt.

477 1597 505 1651 G.
523 1597 647 1649 PLINIUS
665 1597 794 1648 MAXIMO
813 1596 873 1648 SUO
893 1597 919 1647 S.
1209 1631 1241 1683 15

172 1710 188 1761 1
258 1699 357 1779 Nuper
372 1717 417 1759 me
434 1698 578 1758 cuiusdam
594 1699 677 1757 amici
692 1697 812 1776 languor
828 1698 970 1760 admonuit
990 1701 1115 1779 optimos
1131 1715 1214 1762 esee·
1293 1705 1294 1712 ’

198 1801 263 1860 nos,
279 1783 344 1844 dum
359 1781 459 1841 infirmi
474 1799 579 1843 sumus.
613 1779 705 1854 Quem
720 1783 794 1842 enim
809 1782 947 1844 infirmum
962 1793 1008 1844 aut
1023 1784 1139 1845 auaritia
1152 1792 1201 1844 aut
1293 1779 1294 1816 ³

172 1867 286 1928 atihtto
307 1861 463 1928 sollicitati
484 1863 549 1925 Non
571 1865 712 1926 amoribus
734 1866 839 1944 seruit,
865 1884 923 1926 non
939 1865 1047 1946 adpetit
1060 1866 1198 1945 honores,
1293 1897 1294 1908 ι

198 1969 270 2030 opes
285 1949 415 2028 neglegit
430 1958 459 2009 et
479 1947 763 2034 quantulumcumque
783 1959 813 2009 ut
835 1949 989 2011 relicturus
1012 1952 1080 2012 satis
1102 1950 1198 2012 hahet.

197 2033 277 2095 Tunc
291 2034 373 2112 deos,
389 2043 456 2093 tuuc
470 2032 613 2093 hominem
625 2051 691 2100 esse
704 2052 736 2094 se
750 2033 886 2112 meminit,
901 2033 1008 2094 invidet
1021 2034 1137 2112 nemini,
1149 2043 1242 2098 nae-20

196 2121 300 2179 minem
313 2119 442 2192 miratur,
465 2120 605 2177 neminem
625 2118 749 2194 despicit
768 2135 802 2176 ao
823 2135 860 2177 ne
880 2119 1058 2179 sermonibus
1081 2118 1196 2197 quidem

196 2201 327 2281 malignis
348 2210 394 2261 aut
409 2199 528 2262 attendit
546 2211 593 2261 aut
612 2199 709 2261 alitur:
735 2199 846 2262 balinea
866 2202 1032 2278 imaginatur
1047 2209 1076 2262 et
1091 2202 1197 2264 fontes.

171 2285 275 2346 3Haeo
290 2302 397 2346 summa
413 2301 557 2362 curarum,
580 2301 685 2345 summa
701 2293 849 2362 rotomm,
867 2284 1039 2364 mollemque
1056 2287 1084 2345 in
1098 2295 1199 2365 puste-

197 2387 259 2426 rum
273 2377 303 2427 et
316 2369 461 2446 pinguem,
477 2369 501 2427 si
517 2369 660 2444 contingat
676 2367 815 2446 evadere,
836 2367 894 2428 hoc
910 2376 954 2430 est
972 2368 1114 2430 iunoniam
1130 2367 1199 2430 hea-

173 2451 309 2529 4tamque
321 2451 442 2512 destinat
453 2451 548 2510 vitam.
568 2448 687 2511 Possum
699 2467 769 2527 ergo
785 2451 860 2528 quod
874 2451 1000 2531 plurimis
1010 2453 1117 2531 rerhis,
1134 2452 1242 2532 plu-25

195 2535 271 2594 rimis
287 2535 371 2595 etiam
384 2533 572 2595 voluminibus
586 2531 750 2613 philosophi
767 2533 874 2596 docere
890 2546 1027 2598 conantur
1046 2538 1112 2614 ipse
1132 2537 1199 2598 hre-

195 2617 269 2678 viter
283 2618 335 2678 tihi
349 2617 474 2694 mihique
488 2619 673 2696 praecipere,
690 2625 720 2676 ut
729 2615 802 2678 tales
813 2637 881 2680 ease
897 2621 957 2682 sani
977 2637 1198 2700 perseveremus

196 2700 294 2780 quales
309 2719 362 2762 nos
378 2701 487 2761 lntnros
502 2702 666 2781 profitemur
679 2701 788 2760 infirmi.
817 2700 897 2762 Vale.

636 2832 753 2894 ιιιιιι.
1072 2888 1076 2915 ,
1204 2877 1242 2932 ,0

488 2929 516 2980 0.
534 2927 658 2980 PLINIUS
677 2929 783 2982 SURAE
802 2930 861 2984 SUO
880 2931 908 2982 S.
1043 2897 1112 2991 χιΧ

172 3041 187 3093 1
256 3027 294 3088 Ει
307 3028 374 3088 mihi
389 3028 516 3090 disceuth
535 3038 563 3090 et
577 3030 628 3090 tihi
643 3029 764 3092 docendi
782 3031 947 3094 facultatem
963 3033 1052 3093 otium
1065 2994 1196 3112 praehet.

193 3111 283 3190 lgitur
297 3129 435 3191 perquam
448 3111 535 3172 velim
550 3115 643 3191 scire,
668 3133 735 3176 esse
757 3115 948 3194 phantasmata
965 3127 995 3178 et
1009 3115 1116 3178 habere
1128 3133 1196 3195 pro·

192 3197 281 3274 priam
301 3196 418 3274 figuram
437 3214 598 3276 numenque
615 3197 730 3277 aliquod
752 3209 836 3276 putes
858 3218 893 3260 an
912 3201 1004 3261 inania
1024 3209 1054 3260 et
1067 3218 1139 3261 vana
1156 3217 1197 3260 ex
1293 3229 1294 3274 p

169 3287 271 3342 tmetu
285 3289 383 3341 nostro
397 3281 546 3358 imaginem
560 3283 702 3360 accipere.
736 3281 801 3361 Ego
815 3293 845 3344 ut
865 3303 933 3346 esse
954 3283 1068 3346 credam
1087 3285 1116 3343 in
1137 3284 1241 3360 pri-es

191 3364 244 3424 mis
261 3380 296 3424 eo
312 3363 402 3424 ducor
416 3364 492 3443 quod
505 3364 588 3426 audio
602 3364 745 3428 accidisse
761 3365 858 3428 Curtio
873 3367 958 3429 lluio.
982 3366 1087 3428 'lenuis
1102 3365 1197 3428 adhuc

192 3455 223 3508 et
236 3449 376 3509 obscurus
397 3447 535 3509 obtinenti
555 3448 680 3509 Africam
702 3467 799 3512 comcs
819 3450 967 3512 haeserat:
992 3450 1126 3514 inclinato
1146 3449 1196 3511 die

191 3532 363 3610 spatiabatur
378 3533 406 3592 in
420 3533 548 3612 porticu:
564 3533 681 3595 otientur
695 3535 722 3594 ei
738 3533 864 3596 mulieris
879 3536 968 3614 ligura
980 3536 1098 3596 humana
1110 3552 1198 3614 gram
