<?xml version="1.0" encoding="UTF-8"?>
<!DOCTYPE html PUBLIC "-//W3C//DTD XHTML 1.0 Transitional//EN"
    "http://www.w3.org/TR/xhtml1/DTD/xhtml1-transitional.dtd">
<html xmlns="http://www.w3.org/1999/xhtml" xml:lang="en" lang="en">
 <head>
  <title>
</title>
<meta http-equiv="Content-Type" content="text/html;charset=utf-8" />
  <meta name='ocr-system' content='tesseract 3.04.00' />
  <meta name='ocr-capabilities' content='ocr_page ocr_carea ocr_par ocr_line ocrx_word'/>
</head>
<body>
  <div class='ocr_page' id='page_1' title='image "./cplinicaecilise05plingoog_0093.png"; bbox 0 0 2584 3972; ppageno 0'>
   <div class='ocr_carea' id='block_1_1' title="bbox 187 265 763 331">
    <p class='ocr_par' dir='ltr' id='par_1_1' title="bbox 187 265 763 331">
     <span class='ocr_line' id='line_1_1' title="bbox 187 265 763 331; baseline -0.009 0"><span class='ocrx_word' id='word_1_1' title='bbox 187 269 228 331; x_wconf 80' lang='lat'><strong>62</strong></span> <span class='ocrx_word' id='word_1_2' title='bbox 613 267 645 328; x_wconf 82' lang='lat' dir='ltr'><strong>G.</strong></span> <span class='ocrx_word' id='word_1_3' title='bbox 666 265 763 327; x_wconf 87' lang='lat' dir='ltr'>PLINI</span> 
     </span>
    </p>
   </div>
   <div class='ocr_carea' id='block_1_2' title="bbox 98 417 1227 2931">
    <p class='ocr_par' dir='ltr' id='par_1_2' title="bbox 98 417 1227 2931">
     <span class='ocr_line' id='line_1_2' title="bbox 188 417 1194 499; baseline 0.002 -21"><span class='ocrx_word' id='word_1_4' title='bbox 188 419 278 498; x_wconf 85' lang='lat' dir='ltr'><strong>qualis</strong></span> <span class='ocrx_word' id='word_1_5' title='bbox 295 437 361 480; x_wconf 87' lang='lat' dir='ltr'><strong>esse</strong></span> <span class='ocrx_word' id='word_1_6' title='bbox 378 419 481 480; x_wconf 88' lang='lat' dir='ltr'><strong>debeat</strong></span> <span class='ocrx_word' id='word_1_7' title='bbox 502 421 638 499; x_wconf 87' lang='lat' dir='ltr'><strong>princeps</strong></span> <span class='ocrx_word' id='word_1_8' title='bbox 659 417 806 498; x_wconf 89' lang='lat' dir='ltr'><strong>pulchrum</strong></span> <span class='ocrx_word' id='word_1_9' title='bbox 829 417 951 497; x_wconf 92' lang='lat' dir='ltr'><strong>quidem,</strong></span> <span class='ocrx_word' id='word_1_10' title='bbox 968 418 1020 480; x_wconf 88' lang='lat' dir='ltr'><strong>scd</strong></span> <span class='ocrx_word' id='word_1_11' title='bbox 1037 437 1194 482; x_wconf 89' lang='lat' dir='ltr'><strong>onerosum</strong></span> 
     </span>
     <span class='ocr_line' id='line_1_3' title="bbox 187 502 1193 583; baseline 0.001 -20"><span class='ocrx_word' id='word_1_12' title='bbox 187 521 221 563; x_wconf 88' lang='lat' dir='ltr'><strong>ac</strong></span> <span class='ocrx_word' id='word_1_13' title='bbox 236 520 328 583; x_wconf 82' lang='lat' dir='ltr'><strong>prope</strong></span> <span class='ocrx_word' id='word_1_14' title='bbox 349 505 503 583; x_wconf 89' lang='lat' dir='ltr'><strong>superbum</strong></span> <span class='ocrx_word' id='word_1_15' title='bbox 525 511 584 579; x_wconf 85' lang='lat' dir='ltr'><strong>est,</strong></span> <span class='ocrx_word' id='word_1_16' title='bbox 607 502 721 563; x_wconf 90' lang='lat' dir='ltr'><strong>laudare</strong></span> <span class='ocrx_word' id='word_1_17' title='bbox 741 519 811 562; x_wconf 87' lang='lat' dir='ltr'><strong>vero</strong></span> <span class='ocrx_word' id='word_1_18' title='bbox 834 506 967 581; x_wconf 89' lang='lat' dir='ltr'><strong>optimum</strong></span> <span class='ocrx_word' id='word_1_19' title='bbox 982 505 1142 583; x_wconf 90' lang='lat' dir='ltr'><strong>prinoipem</strong></span> <span class='ocrx_word' id='word_1_20' title='bbox 1157 521 1193 564; x_wconf 90' lang='lat' dir='ltr'><strong>ac</strong></span> 
     </span>
     <span class='ocr_line' id='line_1_4' title="bbox 187 586 1192 667; baseline 0.003 -21"><span class='ocrx_word' id='word_1_21' title='bbox 187 604 240 666; x_wconf 91' lang='lat' dir='ltr'><strong>per</strong></span> <span class='ocrx_word' id='word_1_22' title='bbox 254 587 309 648; x_wconf 90' lang='lat' dir='ltr'><strong>hoc</strong></span> <span class='ocrx_word' id='word_1_23' title='bbox 323 588 447 667; x_wconf 75' lang='lat' dir='ltr'><strong>posteris</strong></span> <span class='ocrx_word' id='word_1_24' title='bbox 463 586 541 646; x_wconf 89' lang='lat' dir='ltr'><strong>velut</strong></span> <span class='ocrx_word' id='word_1_25' title='bbox 557 605 574 646; x_wconf 93' lang='lat' dir='ltr'><strong>e</strong></span> <span class='ocrx_word' id='word_1_26' title='bbox 590 586 708 666; x_wconf 91' lang='lat' dir='ltr'><strong>specula</strong></span> <span class='ocrx_word' id='word_1_27' title='bbox 724 587 817 646; x_wconf 92' lang='lat' dir='ltr'><strong>lumen</strong></span> <span class='ocrx_word' id='word_1_28' title='bbox 834 586 910 666; x_wconf 90' lang='lat' dir='ltr'><strong>quod</strong></span> <span class='ocrx_word' id='word_1_29' title='bbox 925 597 1078 666; x_wconf 84' lang='lat' dir='ltr'><strong>sequantur</strong></span> <span class='ocrx_word' id='word_1_30' title='bbox 1093 597 1192 649; x_wconf 91' lang='lat' dir='ltr'><strong>osten·</strong></span> 
     </span>
     <span class='ocr_line' id='line_1_5' title="bbox 161 669 1192 751; baseline 0 -18"><span class='ocrx_word' id='word_1_31' title='bbox 161 671 256 733; x_wconf 68' lang='lat' dir='ltr'><strong>idere</strong></span> <span class='ocrx_word' id='word_1_32' title='bbox 271 671 345 731; x_wconf 88' lang='lat' dir='ltr'><strong>idem</strong></span> <span class='ocrx_word' id='word_1_33' title='bbox 360 671 486 732; x_wconf 75' lang='lat' dir='ltr'><strong>utilitatis</strong></span> <span class='ocrx_word' id='word_1_34' title='bbox 500 671 603 746; x_wconf 90' lang='lat' dir='ltr'><strong>habet,</strong></span> <span class='ocrx_word' id='word_1_35' title='bbox 630 671 810 748; x_wconf 76' lang='lat' dir='ltr'><strong>adrogantiae</strong></span> <span class='ocrx_word' id='word_1_36' title='bbox 824 670 901 730; x_wconf 89' lang='lat' dir='ltr'><strong>nibil.</strong></span> <span class='ocrx_word' id='word_1_37' title='bbox 936 669 1009 751; x_wconf 77' lang='lat' dir='ltr'><strong>Cepi</strong></span> <span class='ocrx_word' id='word_1_38' title='bbox 1025 681 1117 732; x_wconf 87' lang='lat' dir='ltr'><strong>autem</strong></span> <span class='ocrx_word' id='word_1_39' title='bbox 1131 687 1192 733; x_wconf 88' lang='lat' dir='ltr'><strong>non</strong></span> 
     </span>
     <span class='ocr_line' id='line_1_6' title="bbox 186 753 1217 833; baseline 0.005 -20"><span class='ocrx_word' id='word_1_40' title='bbox 186 754 358 814; x_wconf 76' lang='lat' dir='ltr'><strong>mediocrem</strong></span> <span class='ocrx_word' id='word_1_41' title='bbox 372 755 546 833; x_wconf 85' lang='lat' dir='ltr'><strong>voluptatem</strong></span> <span class='ocrx_word' id='word_1_42' title='bbox 561 753 655 833; x_wconf 85' lang='lat' dir='ltr'><strong>quod,</strong></span> <span class='ocrx_word' id='word_1_43' title='bbox 671 755 745 814; x_wconf 91' lang='lat' dir='ltr'><strong>hunc</strong></span> <span class='ocrx_word' id='word_1_44' title='bbox 761 753 861 813; x_wconf 91' lang='lat' dir='ltr'><strong>librum</strong></span> <span class='ocrx_word' id='word_1_45' title='bbox 877 771 940 814; x_wconf 91' lang='lat' dir='ltr'><strong>cum</strong></span> <span class='ocrx_word' id='word_1_46' title='bbox 955 756 1052 816; x_wconf 89' lang='lat' dir='ltr'><strong>amicis</strong></span> <span class='ocrx_word' id='word_1_47' title='bbox 1067 757 1217 820; x_wconf 72' lang='lat' dir='ltr'><strong>recitares</strong></span> 
     </span>
     <span class='ocr_line' id='line_1_7' title="bbox 186 836 1190 917; baseline 0.004 -21"><span class='ocrx_word' id='word_1_48' title='bbox 186 838 359 917; x_wconf 82' lang='lat' dir='ltr'><strong>voluissem,</strong></span> <span class='ocrx_word' id='word_1_49' title='bbox 376 855 432 898; x_wconf 91' lang='lat' dir='ltr'><strong>non</strong></span> <span class='ocrx_word' id='word_1_50' title='bbox 447 854 501 916; x_wconf 90' lang='lat' dir='ltr'><strong>per</strong></span> <span class='ocrx_word' id='word_1_51' title='bbox 515 836 681 915; x_wconf 90' lang='lat' dir='ltr'><strong>codicillos,</strong></span> <span class='ocrx_word' id='word_1_52' title='bbox 696 856 753 897; x_wconf 93' lang='lat' dir='ltr'><strong>non</strong></span> <span class='ocrx_word' id='word_1_53' title='bbox 770 854 823 916; x_wconf 89' lang='lat' dir='ltr'><strong>per</strong></span> <span class='ocrx_word' id='word_1_54' title='bbox 837 837 968 915; x_wconf 89' lang='lat' dir='ltr'><strong>libellos,</strong></span> <span class='ocrx_word' id='word_1_55' title='bbox 991 839 1042 899; x_wconf 94' lang='lat' dir='ltr'><strong>sed</strong></span> <span class='ocrx_word' id='word_1_56' title='bbox 1058 842 1095 900; x_wconf 80' lang='lat' dir='ltr'><strong>‘si</strong></span> <span class='ocrx_word' id='word_1_57' title='bbox 1112 857 1190 900; x_wconf 92' lang='lat' dir='ltr'><strong>oom-</strong></span> 
     </span>
     <span class='ocr_line' id='line_1_8' title="bbox 185 919 1191 1003; baseline 0.005 -24"><span class='ocrx_word' id='word_1_58' title='bbox 185 921 308 980; x_wconf 88' lang='lat' dir='ltr'><strong>modum&#39;</strong></span> <span class='ocrx_word' id='word_1_59' title='bbox 334 931 363 982; x_wconf 91' lang='lat' dir='ltr'><strong>et</strong></span> <span class='ocrx_word' id='word_1_60' title='bbox 384 925 419 982; x_wconf 78' lang='lat' dir='ltr'><strong>‘si</strong></span> <span class='ocrx_word' id='word_1_61' title='bbox 439 919 523 980; x_wconf 84' lang='lat' dir='ltr'><strong>vaide</strong></span> <span class='ocrx_word' id='word_1_62' title='bbox 549 926 676 981; x_wconf 87' lang='lat' dir='ltr'><strong>vacaret’</strong></span> <span class='ocrx_word' id='word_1_63' title='bbox 699 921 829 981; x_wconf 85' lang='lat' dir='ltr'><strong>admoniti</strong></span> <span class='ocrx_word' id='word_1_64' title='bbox 852 924 1013 1002; x_wconf 86' lang='lat' dir='ltr'><strong>(numquam</strong></span> <span class='ocrx_word' id='word_1_65' title='bbox 1033 940 1119 1003; x_wconf 91' lang='lat' dir='ltr'><strong>porro</strong></span> <span class='ocrx_word' id='word_1_66' title='bbox 1142 933 1191 984; x_wconf 93' lang='lat' dir='ltr'><strong>aut</strong></span> 
     </span>
     <span class='ocr_line' id='line_1_9' title="bbox 185 1003 1187 1087; baseline 0.003 -23"><span class='ocrx_word' id='word_1_67' title='bbox 185 1004 269 1066; x_wconf 87' lang='lat' dir='ltr'><strong>valde</strong></span> <span class='ocrx_word' id='word_1_68' title='bbox 290 1013 373 1066; x_wconf 88' lang='lat' dir='ltr'><strong>vacat</strong></span> <span class='ocrx_word' id='word_1_69' title='bbox 394 1003 503 1065; x_wconf 90' lang='lat' dir='ltr'><strong>Romae</strong></span> <span class='ocrx_word' id='word_1_70' title='bbox 524 1013 571 1064; x_wconf 91' lang='lat' dir='ltr'><strong>aut</strong></span> <span class='ocrx_word' id='word_1_71' title='bbox 593 1004 772 1065; x_wconf 89' lang='lat' dir='ltr'><strong>commodum</strong></span> <span class='ocrx_word' id='word_1_72' title='bbox 797 1013 842 1064; x_wconf 87' lang='lat' dir='ltr'><strong>est</strong></span> <span class='ocrx_word' id='word_1_73' title='bbox 868 1005 965 1065; x_wconf 86' lang='lat' dir='ltr'><strong>audire</strong></span> <span class='ocrx_word' id='word_1_74' title='bbox 989 1008 1187 1087; x_wconf 88' lang='lat' dir='ltr'><strong>recitantem),</strong></span> 
     </span>
     <span class='ocr_line' id='line_1_10' title="bbox 185 1088 1186 1169; baseline 0.002 -21"><span class='ocrx_word' id='word_1_75' title='bbox 185 1088 358 1150; x_wconf 84' lang='lat' dir='ltr'><strong>foedissimis</strong></span> <span class='ocrx_word' id='word_1_76' title='bbox 381 1091 497 1166; x_wconf 90' lang='lat' dir='ltr'><strong>insuper</strong></span> <span class='ocrx_word' id='word_1_77' title='bbox 516 1089 748 1167; x_wconf 87' lang='lat' dir='ltr'><strong>tempestatibus,</strong></span> <span class='ocrx_word' id='word_1_78' title='bbox 770 1105 824 1167; x_wconf 93' lang='lat' dir='ltr'><strong>per</strong></span> <span class='ocrx_word' id='word_1_79' title='bbox 844 1088 959 1150; x_wconf 89' lang='lat' dir='ltr'><strong>biduum</strong></span> <span class='ocrx_word' id='word_1_80' title='bbox 980 1101 1186 1169; x_wconf 83' lang='lat' dir='ltr'><strong>convenerunt,</strong></span> 
     </span>
     <span class='ocr_line' id='line_1_11' title="bbox 186 1170 1227 1253; baseline 0.002 -23"><span class='ocrx_word' id='word_1_81' title='bbox 186 1190 306 1250; x_wconf 89' lang='lat' dir='ltr'><strong>cumque</strong></span> <span class='ocrx_word' id='word_1_82' title='bbox 320 1170 459 1233; x_wconf 88' lang='lat' dir='ltr'><strong>modestia</strong></span> <span class='ocrx_word' id='word_1_83' title='bbox 473 1190 536 1232; x_wconf 89' lang='lat' dir='ltr'><strong>mea</strong></span> <span class='ocrx_word' id='word_1_84' title='bbox 547 1172 631 1232; x_wconf 87' lang='lat' dir='ltr'><strong>finem</strong></span> <span class='ocrx_word' id='word_1_85' title='bbox 641 1173 798 1233; x_wconf 76' lang='lat' dir='ltr'><strong>recitationi</strong></span> <span class='ocrx_word' id='word_1_86' title='bbox 809 1172 907 1233; x_wconf 89' lang='lat' dir='ltr'><strong>facere</strong></span> <span class='ocrx_word' id='word_1_87' title='bbox 919 1171 1069 1253; x_wconf 89' lang='lat' dir='ltr'><strong>voluisset,</strong></span> <span class='ocrx_word' id='word_1_88' title='bbox 1085 1183 1115 1234; x_wconf 93' lang='lat' dir='ltr'><strong>nt</strong></span> <span class='ocrx_word' id='word_1_89' title='bbox 1126 1173 1184 1235; x_wconf 90' lang='lat' dir='ltr'><strong>adi-</strong></span> <span class='ocrx_word' id='word_1_90' title='bbox 1196 1180 1227 1232; x_wconf 87' lang='lat'><strong>10</strong></span> 
     </span>
     <span class='ocr_line' id='line_1_12' title="bbox 158 1255 1186 1334; baseline 0.004 -20"><span class='ocrx_word' id='word_1_91' title='bbox 158 1272 280 1322; x_wconf 75' lang='lat' dir='ltr'><strong>soerem</strong></span> <span class='ocrx_word' id='word_1_92' title='bbox 299 1256 409 1315; x_wconf 89' lang='lat' dir='ltr'><strong>tertium</strong></span> <span class='ocrx_word' id='word_1_93' title='bbox 431 1255 505 1316; x_wconf 89' lang='lat' dir='ltr'><strong>diem</strong></span> <span class='ocrx_word' id='word_1_94' title='bbox 526 1265 691 1334; x_wconf 82' lang='lat' dir='ltr'><strong>exegerunt.</strong></span> <span class='ocrx_word' id='word_1_95' title='bbox 723 1255 791 1316; x_wconf 84' lang='lat' dir='ltr'><strong>Mihi</strong></span> <span class='ocrx_word' id='word_1_96' title='bbox 811 1257 886 1316; x_wconf 89' lang='lat' dir='ltr'><strong>bunc</strong></span> <span class='ocrx_word' id='word_1_97' title='bbox 907 1256 1042 1318; x_wconf 88' lang='lat' dir='ltr'><strong>honorem</strong></span> <span class='ocrx_word' id='word_1_98' title='bbox 1062 1257 1186 1318; x_wconf 89' lang='lat' dir='ltr'><strong>habitum</strong></span> 
     </span>
     <span class='ocr_line' id='line_1_13' title="bbox 184 1336 1185 1420; baseline 0.004 -22"><span class='ocrx_word' id='word_1_99' title='bbox 184 1349 282 1419; x_wconf 88' lang='lat' dir='ltr'><strong>putem</strong></span> <span class='ocrx_word' id='word_1_100' title='bbox 297 1357 331 1400; x_wconf 91' lang='lat' dir='ltr'><strong>an</strong></span> <span class='ocrx_word' id='word_1_101' title='bbox 347 1336 468 1400; x_wconf 81' lang='lat' dir='ltr'><strong>studiis?</strong></span> <span class='ocrx_word' id='word_1_102' title='bbox 483 1339 583 1399; x_wconf 89' lang='lat' dir='ltr'><strong>studiis</strong></span> <span class='ocrx_word' id='word_1_103' title='bbox 599 1339 691 1418; x_wconf 90' lang='lat' dir='ltr'><strong>maio,</strong></span> <span class='ocrx_word' id='word_1_104' title='bbox 716 1358 789 1420; x_wconf 86' lang='lat' dir='ltr'><strong>quae</strong></span> <span class='ocrx_word' id='word_1_105' title='bbox 803 1356 896 1419; x_wconf 88' lang='lat' dir='ltr'><strong>prope</strong></span> <span class='ocrx_word' id='word_1_106' title='bbox 910 1343 1034 1402; x_wconf 87' lang='lat' dir='ltr'><strong>extincta</strong></span> <span class='ocrx_word' id='word_1_107' title='bbox 1050 1342 1185 1402; x_wconf 84' lang='lat' dir='ltr'><strong>refoven-</strong></span> 
     </span>
     <span class='ocr_line' id='line_1_14' title="bbox 157 1421 1185 1506; baseline 0.001 -22"><span class='ocrx_word' id='word_1_108' title='bbox 157 1433 236 1491; x_wconf 84' lang='lat' dir='ltr'><strong>6tur.</strong></span> <span class='ocrx_word' id='word_1_109' title='bbox 268 1421 312 1482; x_wconf 79' lang='lat' dir='ltr'><strong>Ad</strong></span> <span class='ocrx_word' id='word_1_110' title='bbox 334 1425 379 1482; x_wconf 89' lang='lat' dir='ltr'><strong>oui</strong></span> <span class='ocrx_word' id='word_1_111' title='bbox 399 1425 534 1484; x_wconf 86' lang='lat' dir='ltr'><strong>materiae</strong></span> <span class='ocrx_word' id='word_1_112' title='bbox 554 1425 626 1484; x_wconf 90' lang='lat' dir='ltr'><strong>hanc</strong></span> <span class='ocrx_word' id='word_1_113' title='bbox 645 1422 821 1486; x_wconf 84' lang='lat' dir='ltr'><strong>sedulitatem</strong></span> <span class='ocrx_word' id='word_1_114' title='bbox 834 1421 1056 1503; x_wconf 86' lang='lat' dir='ltr'><strong>praestiterunt?</strong></span> <span class='ocrx_word' id='word_1_115' title='bbox 1080 1443 1185 1506; x_wconf 91' lang='lat' dir='ltr'><strong>nempe</strong></span> 
     </span>
     <span class='ocr_line' id='line_1_15' title="bbox 184 1506 1184 1588; baseline 0.005 -23"><span class='ocrx_word' id='word_1_116' title='bbox 184 1523 265 1586; x_wconf 84' lang='lat' dir='ltr'><strong>quarn</strong></span> <span class='ocrx_word' id='word_1_117' title='bbox 280 1506 309 1566; x_wconf 92' lang='lat' dir='ltr'><strong>in</strong></span> <span class='ocrx_word' id='word_1_118' title='bbox 325 1516 424 1566; x_wconf 89' lang='lat' dir='ltr'><strong>senatu</strong></span> <span class='ocrx_word' id='word_1_119' title='bbox 441 1523 573 1585; x_wconf 87' lang='lat' dir='ltr'><strong>quoque,</strong></span> <span class='ocrx_word' id='word_1_120' title='bbox 597 1507 643 1566; x_wconf 93' lang='lat' dir='ltr'><strong>ubi</strong></span> <span class='ocrx_word' id='word_1_121' title='bbox 657 1510 769 1587; x_wconf 88' lang='lat' dir='ltr'><strong>perpeti</strong></span> <span class='ocrx_word' id='word_1_122' title='bbox 783 1525 905 1569; x_wconf 89' lang='lat' dir='ltr'><strong>necesse</strong></span> <span class='ocrx_word' id='word_1_123' title='bbox 920 1518 995 1587; x_wconf 89' lang='lat' dir='ltr'><strong>erat,</strong></span> <span class='ocrx_word' id='word_1_124' title='bbox 1017 1512 1128 1588; x_wconf 78' lang='lat' dir='ltr'><strong>gravari</strong></span> <span class='ocrx_word' id='word_1_125' title='bbox 1144 1519 1184 1570; x_wconf 85' lang='lat' dir='ltr'><strong>ta·</strong></span> 
     </span>
     <span class='ocr_line' id='line_1_16' title="bbox 182 1589 1224 1673; baseline 0.007 -25"><span class='ocrx_word' id='word_1_126' title='bbox 182 1608 246 1649; x_wconf 90' lang='lat' dir='ltr'><strong>men</strong></span> <span class='ocrx_word' id='word_1_127' title='bbox 260 1589 307 1648; x_wconf 87' lang='lat' dir='ltr'><strong>vel</strong></span> <span class='ocrx_word' id='word_1_128' title='bbox 322 1598 429 1670; x_wconf 88' lang='lat' dir='ltr'><strong>puncto</strong></span> <span class='ocrx_word' id='word_1_129' title='bbox 443 1591 580 1668; x_wconf 90' lang='lat' dir='ltr'><strong>temporis</strong></span> <span class='ocrx_word' id='word_1_130' title='bbox 601 1590 780 1668; x_wconf 89' lang='lat' dir='ltr'><strong>solebamus,</strong></span> <span class='ocrx_word' id='word_1_131' title='bbox 804 1591 921 1652; x_wconf 89' lang='lat' dir='ltr'><strong>eandem</strong></span> <span class='ocrx_word' id='word_1_132' title='bbox 935 1609 1009 1651; x_wconf 90' lang='lat' dir='ltr'><strong>nunc</strong></span> <span class='ocrx_word' id='word_1_133' title='bbox 1030 1601 1059 1652; x_wconf 86' lang='lat' dir='ltr'><strong>ct</strong></span> <span class='ocrx_word' id='word_1_134' title='bbox 1074 1596 1122 1673; x_wconf 88' lang='lat' dir='ltr'><strong>qui</strong></span> <span class='ocrx_word' id='word_1_135' title='bbox 1136 1604 1224 1655; x_wconf 84' lang='lat' dir='ltr'><strong>re-15</strong></span> 
     </span>
     <span class='ocr_line' id='line_1_17' title="bbox 183 1673 1183 1756; baseline 0.006 -24"><span class='ocrx_word' id='word_1_136' title='bbox 183 1675 271 1733; x_wconf 86' lang='lat' dir='ltr'><strong>citare</strong></span> <span class='ocrx_word' id='word_1_137' title='bbox 293 1681 323 1732; x_wconf 90' lang='lat' dir='ltr'><strong>et</strong></span> <span class='ocrx_word' id='word_1_138' title='bbox 344 1675 391 1753; x_wconf 90' lang='lat' dir='ltr'><strong>qui</strong></span> <span class='ocrx_word' id='word_1_139' title='bbox 412 1673 508 1733; x_wconf 91' lang='lat' dir='ltr'><strong>audire</strong></span> <span class='ocrx_word' id='word_1_140' title='bbox 529 1673 621 1734; x_wconf 90' lang='lat' dir='ltr'><strong>triduo</strong></span> <span class='ocrx_word' id='word_1_141' title='bbox 642 1674 730 1735; x_wconf 83' lang='lat' dir='ltr'><strong>velint</strong></span> <span class='ocrx_word' id='word_1_142' title='bbox 750 1676 943 1752; x_wconf 82' lang='lat' dir='ltr'><strong>inveniuntur,</strong></span> <span class='ocrx_word' id='word_1_143' title='bbox 969 1693 1025 1736; x_wconf 88' lang='lat' dir='ltr'><strong>non</strong></span> <span class='ocrx_word' id='word_1_144' title='bbox 1041 1680 1106 1756; x_wconf 87' lang='lat' dir='ltr'><strong>quia</strong></span> <span class='ocrx_word' id='word_1_145' title='bbox 1122 1677 1183 1738; x_wconf 90' lang='lat' dir='ltr'><strong>elo·</strong></span> 
     </span>
     <span class='ocr_line' id='line_1_18' title="bbox 183 1757 1183 1839; baseline 0.005 -22"><span class='ocrx_word' id='word_1_146' title='bbox 183 1757 316 1837; x_wconf 82' lang='lat' dir='ltr'><strong>quentiae</strong></span> <span class='ocrx_word' id='word_1_147' title='bbox 334 1775 416 1836; x_wconf 87' lang='lat' dir='ltr'><strong>quam</strong></span> <span class='ocrx_word' id='word_1_148' title='bbox 431 1758 525 1835; x_wconf 90' lang='lat' dir='ltr'><strong>prius,</strong></span> <span class='ocrx_word' id='word_1_149' title='bbox 548 1757 600 1818; x_wconf 90' lang='lat' dir='ltr'><strong>sed</strong></span> <span class='ocrx_word' id='word_1_150' title='bbox 619 1760 683 1836; x_wconf 85' lang='lat' dir='ltr'><strong>quia</strong></span> <span class='ocrx_word' id='word_1_151' title='bbox 698 1758 831 1836; x_wconf 88' lang='lat' dir='ltr'><strong>liberius,</strong></span> <span class='ocrx_word' id='word_1_152' title='bbox 855 1758 978 1839; x_wconf 89' lang='lat' dir='ltr'><strong>ideoque</strong></span> <span class='ocrx_word' id='word_1_153' title='bbox 993 1763 1077 1820; x_wconf 86' lang='lat' dir='ltr'><strong>etiam</strong></span> <span class='ocrx_word' id='word_1_154' title='bbox 1091 1761 1183 1822; x_wconf 85' lang='lat' dir='ltr'><strong>liben-</strong></span> 
     </span>
     <span class='ocr_line' id='line_1_19' title="bbox 156 1840 1182 1924; baseline 0.001 -20"><span class='ocrx_word' id='word_1_155' title='bbox 156 1843 237 1904; x_wconf 86' lang='lat' dir='ltr'><strong>&#39;itius</strong></span> <span class='ocrx_word' id='word_1_156' title='bbox 260 1841 401 1901; x_wconf 87' lang='lat' dir='ltr'><strong>scribitur.</strong></span> <span class='ocrx_word' id='word_1_157' title='bbox 432 1840 561 1900; x_wconf 83' lang='lat' dir='ltr'><strong>Accedet</strong></span> <span class='ocrx_word' id='word_1_158' title='bbox 583 1859 653 1919; x_wconf 79' lang='lat' dir='ltr'><strong>ergo</strong></span> <span class='ocrx_word' id='word_1_159' title='bbox 674 1842 729 1903; x_wconf 91' lang='lat' dir='ltr'><strong>boo</strong></span> <span class='ocrx_word' id='word_1_160' title='bbox 753 1859 867 1922; x_wconf 90' lang='lat' dir='ltr'><strong>quoque</strong></span> <span class='ocrx_word' id='word_1_161' title='bbox 894 1843 1023 1904; x_wconf 90' lang='lat' dir='ltr'><strong>laudibus</strong></span> <span class='ocrx_word' id='word_1_162' title='bbox 1045 1847 1182 1924; x_wconf 90' lang='lat' dir='ltr'><strong>principis</strong></span> 
     </span>
     <span class='ocr_line' id='line_1_20' title="bbox 182 1923 1181 2005; baseline 0.004 -20"><span class='ocrx_word' id='word_1_163' title='bbox 182 1925 287 2002; x_wconf 89' lang='lat' dir='ltr'><strong>nostri,</strong></span> <span class='ocrx_word' id='word_1_164' title='bbox 310 1923 385 2005; x_wconf 89' lang='lat' dir='ltr'><strong>quod</strong></span> <span class='ocrx_word' id='word_1_165' title='bbox 406 1943 453 1985; x_wconf 91' lang='lat' dir='ltr'><strong>res</strong></span> <span class='ocrx_word' id='word_1_166' title='bbox 468 1933 549 1985; x_wconf 88' lang='lat' dir='ltr'><strong>antea</strong></span> <span class='ocrx_word' id='word_1_167' title='bbox 568 1935 623 1986; x_wconf 89' lang='lat' dir='ltr'><strong>tam</strong></span> <span class='ocrx_word' id='word_1_168' title='bbox 639 1928 728 1987; x_wconf 89' lang='lat' dir='ltr'><strong>invisa</strong></span> <span class='ocrx_word' id='word_1_169' title='bbox 743 1944 826 2005; x_wconf 88' lang='lat' dir='ltr'><strong>quam</strong></span> <span class='ocrx_word' id='word_1_170' title='bbox 840 1926 911 1988; x_wconf 86' lang='lat' dir='ltr'><strong>falsa</strong></span> <span class='ocrx_word' id='word_1_171' title='bbox 925 1945 1000 1987; x_wconf 88' lang='lat' dir='ltr'><strong>nuuc</strong></span> <span class='ocrx_word' id='word_1_172' title='bbox 1015 1937 1045 1988; x_wconf 88' lang='lat' dir='ltr'><strong>ut</strong></span> <span class='ocrx_word' id='word_1_173' title='bbox 1058 1946 1127 1989; x_wconf 83' lang='lat' dir='ltr'><strong>vera</strong></span> <span class='ocrx_word' id='word_1_174' title='bbox 1143 1931 1181 1990; x_wconf 88' lang='lat' dir='ltr'><strong>ita</strong></span> 
     </span>
     <span class='ocr_line' id='line_1_21' title="bbox 155 2009 1224 2088; baseline 0.001 -17"><span class='ocrx_word' id='word_1_175' title='bbox 155 2009 309 2071; x_wconf 81' lang='lat' dir='ltr'><strong>sanabilis</strong></span> <span class='ocrx_word' id='word_1_176' title='bbox 324 2009 398 2069; x_wconf 88' lang='lat' dir='ltr'><strong>facta</strong></span> <span class='ocrx_word' id='word_1_177' title='bbox 413 2018 466 2069; x_wconf 85' lang='lat' dir='ltr'><strong>est.</strong></span> <span class='ocrx_word' id='word_1_178' title='bbox 494 2009 553 2068; x_wconf 86' lang='lat' dir='ltr'><strong>Sed</strong></span> <span class='ocrx_word' id='word_1_179' title='bbox 568 2025 624 2087; x_wconf 80' lang='lat' dir='ltr'><strong>ego</strong></span> <span class='ocrx_word' id='word_1_180' title='bbox 641 2028 703 2070; x_wconf 90' lang='lat' dir='ltr'><strong>cum</strong></span> <span class='ocrx_word' id='word_1_181' title='bbox 718 2010 838 2070; x_wconf 90' lang='lat' dir='ltr'><strong>studium</strong></span> <span class='ocrx_word' id='word_1_182' title='bbox 853 2010 1024 2088; x_wconf 90' lang='lat' dir='ltr'><strong>audientium</strong></span> <span class='ocrx_word' id='word_1_183' title='bbox 1037 2022 1095 2071; x_wconf 90' lang='lat' dir='ltr'><strong>tum</strong></span> <span class='ocrx_word' id='word_1_184' title='bbox 1111 2012 1180 2072; x_wconf 92' lang='lat' dir='ltr'><strong>iudi·</strong></span> <span class='ocrx_word' id='word_1_185' title='bbox 1191 2013 1224 2066; x_wconf 67' lang='lat'><strong>20</strong></span> 
     </span>
     <span class='ocr_line' id='line_1_22' title="bbox 182 2093 1182 2176; baseline 0.004 -24"><span class='ocrx_word' id='word_1_186' title='bbox 182 2094 254 2152; x_wconf 91' lang='lat' dir='ltr'><strong>cium</strong></span> <span class='ocrx_word' id='word_1_187' title='bbox 270 2095 339 2153; x_wconf 92' lang='lat' dir='ltr'><strong>mire</strong></span> <span class='ocrx_word' id='word_1_188' title='bbox 353 2093 486 2172; x_wconf 84' lang='lat' dir='ltr'><strong>probavi:</strong></span> <span class='ocrx_word' id='word_1_189' title='bbox 508 2094 689 2154; x_wconf 89' lang='lat' dir='ltr'><strong>animadverti</strong></span> <span class='ocrx_word' id='word_1_190' title='bbox 703 2097 776 2154; x_wconf 88' lang='lat' dir='ltr'><strong>enim</strong></span> <span class='ocrx_word' id='word_1_191' title='bbox 791 2096 972 2156; x_wconf 85' lang='lat' dir='ltr'><strong>severissima</strong></span> <span class='ocrx_word' id='word_1_192' title='bbox 989 2113 1119 2176; x_wconf 89' lang='lat' dir='ltr'><strong>quaeque</strong></span> <span class='ocrx_word' id='word_1_193' title='bbox 1132 2096 1182 2157; x_wconf 86' lang='lat' dir='ltr'><strong>vel</strong></span> 
     </span>
     <span class='ocr_line' id='line_1_23' title="bbox 155 2175 1227 2261; baseline 0.002 -21"><span class='ocrx_word' id='word_1_194' title='bbox 155 2180 299 2240; x_wconf 85' lang='lat' dir='ltr'><strong>9maxime</strong></span> <span class='ocrx_word' id='word_1_195' title='bbox 322 2177 498 2239; x_wconf 81' lang='lat' dir='ltr'><strong>satisfacere.</strong></span> <span class='ocrx_word' id='word_1_196' title='bbox 529 2175 643 2238; x_wconf 83' lang='lat' dir='ltr'><strong>biemini</strong></span> <span class='ocrx_word' id='word_1_197' title='bbox 665 2178 778 2257; x_wconf 89' lang='lat' dir='ltr'><strong>quidem</strong></span> <span class='ocrx_word' id='word_1_198' title='bbox 793 2197 839 2238; x_wconf 91' lang='lat' dir='ltr'><strong>me</strong></span> <span class='ocrx_word' id='word_1_199' title='bbox 858 2195 914 2238; x_wconf 93' lang='lat' dir='ltr'><strong>non</strong></span> <span class='ocrx_word' id='word_1_200' title='bbox 928 2178 1022 2240; x_wconf 88' lang='lat' dir='ltr'><strong>multis</strong></span> <span class='ocrx_word' id='word_1_201' title='bbox 1041 2183 1180 2242; x_wconf 83' lang='lat' dir='ltr'><strong>recitasse</strong></span> <span class='ocrx_word' id='word_1_202' title='bbox 1216 2241 1227 2261; x_wconf 42' lang='lat'><strong><em>⁴</em></strong></span> 
     </span>
     <span class='ocr_line' id='line_1_24' title="bbox 181 2261 1180 2340; baseline 0.003 -21"><span class='ocrx_word' id='word_1_203' title='bbox 181 2261 256 2339; x_wconf 88' lang='lat' dir='ltr'><strong>qnod</strong></span> <span class='ocrx_word' id='word_1_204' title='bbox 272 2261 400 2322; x_wconf 90' lang='lat' dir='ltr'><strong>omnibus</strong></span> <span class='ocrx_word' id='word_1_205' title='bbox 415 2262 528 2339; x_wconf 80' lang='lat' dir='ltr'><strong>scripsi,</strong></span> <span class='ocrx_word' id='word_1_206' title='bbox 545 2261 632 2321; x_wconf 90' lang='lat' dir='ltr'><strong>nihilo</strong></span> <span class='ocrx_word' id='word_1_207' title='bbox 647 2265 736 2322; x_wconf 93' lang='lat' dir='ltr'><strong>minus</strong></span> <span class='ocrx_word' id='word_1_208' title='bbox 751 2272 860 2338; x_wconf 86' lang='lat' dir='ltr'><strong>tamen,</strong></span> <span class='ocrx_word' id='word_1_209' title='bbox 877 2272 1015 2340; x_wconf 90' lang='lat' dir='ltr'><strong>tamquam</strong></span> <span class='ocrx_word' id='word_1_210' title='bbox 1030 2265 1066 2325; x_wconf 89' lang='lat' dir='ltr'><strong>sit</strong></span> <span class='ocrx_word' id='word_1_211' title='bbox 1081 2263 1180 2324; x_wconf 87' lang='lat' dir='ltr'><strong>eadem</strong></span> 
     </span>
     <span class='ocr_line' id='line_1_25' title="bbox 180 2344 1180 2424; baseline 0.005 -21"><span class='ocrx_word' id='word_1_212' title='bbox 180 2345 301 2403; x_wconf 91' lang='lat' dir='ltr'><strong>omnium</strong></span> <span class='ocrx_word' id='word_1_213' title='bbox 318 2344 409 2404; x_wconf 82' lang='lat' dir='ltr'><strong>futura</strong></span> <span class='ocrx_word' id='word_1_214' title='bbox 424 2346 572 2418; x_wconf 87' lang='lat' dir='ltr'><strong>sententia,</strong></span> <span class='ocrx_word' id='word_1_215' title='bbox 588 2346 640 2404; x_wconf 90' lang='lat' dir='ltr'><strong>bac</strong></span> <span class='ocrx_word' id='word_1_216' title='bbox 656 2347 809 2406; x_wconf 88' lang='lat' dir='ltr'><strong>severitate</strong></span> <span class='ocrx_word' id='word_1_217' title='bbox 824 2347 930 2409; x_wconf 85' lang='lat' dir='ltr'><strong>aurium</strong></span> <span class='ocrx_word' id='word_1_218' title='bbox 940 2345 1042 2424; x_wconf 86' lang='lat' dir='ltr'><strong>iactor,</strong></span> <span class='ocrx_word' id='word_1_219' title='bbox 1059 2366 1093 2408; x_wconf 90' lang='lat' dir='ltr'><strong>ac</strong></span> <span class='ocrx_word' id='word_1_220' title='bbox 1104 2349 1180 2410; x_wconf 86' lang='lat' dir='ltr'><strong>siout</strong></span> 
     </span>
     <span class='ocr_line' id='line_1_26' title="bbox 98 2425 1220 2510; baseline 0.002 -25"><span class='ocrx_word' id='word_1_221' title='bbox 98 2435 102 2441; x_wconf 86' lang='grc'><em>·</em></span> <span class='ocrx_word' id='word_1_222' title='bbox 181 2426 247 2486; x_wconf 87' lang='lat' dir='ltr'><strong>olim</strong></span> <span class='ocrx_word' id='word_1_223' title='bbox 263 2425 372 2488; x_wconf 88' lang='lat' dir='ltr'><strong>theatra</strong></span> <span class='ocrx_word' id='word_1_224' title='bbox 386 2426 458 2486; x_wconf 86' lang='lat' dir='ltr'><strong>male</strong></span> <span class='ocrx_word' id='word_1_225' title='bbox 472 2429 599 2488; x_wconf 89' lang='lat' dir='ltr'><strong>musicos</strong></span> <span class='ocrx_word' id='word_1_226' title='bbox 615 2445 718 2488; x_wconf 89' lang='lat' dir='ltr'><strong>canere</strong></span> <span class='ocrx_word' id='word_1_227' title='bbox 729 2429 895 2508; x_wconf 89' lang='lat' dir='ltr'><strong>docuerunt,</strong></span> <span class='ocrx_word' id='word_1_228' title='bbox 913 2432 951 2490; x_wconf 89' lang='lat' dir='ltr'><strong>ita</strong></span> <span class='ocrx_word' id='word_1_229' title='bbox 964 2448 1038 2490; x_wconf 91' lang='lat' dir='ltr'><strong>nunc</strong></span> <span class='ocrx_word' id='word_1_230' title='bbox 1052 2433 1081 2492; x_wconf 94' lang='lat' dir='ltr'><strong>in</strong></span> <span class='ocrx_word' id='word_1_231' title='bbox 1097 2436 1220 2510; x_wconf 74' lang='lat' dir='ltr'><strong>spemue</strong></span> 
     </span>
     <span class='ocr_line' id='line_1_27' title="bbox 179 2509 1180 2591; baseline 0.004 -20"><span class='ocrx_word' id='word_1_232' title='bbox 179 2509 306 2571; x_wconf 90' lang='lat' dir='ltr'><strong>adducor</strong></span> <span class='ocrx_word' id='word_1_233' title='bbox 319 2527 408 2591; x_wconf 90' lang='lat' dir='ltr'><strong>posse</strong></span> <span class='ocrx_word' id='word_1_234' title='bbox 423 2511 485 2570; x_wconf 86' lang='lat' dir='ltr'><strong>beri</strong></span> <span class='ocrx_word' id='word_1_235' title='bbox 500 2519 530 2570; x_wconf 91' lang='lat' dir='ltr'><strong>ut</strong></span> <span class='ocrx_word' id='word_1_236' title='bbox 545 2510 642 2570; x_wconf 90' lang='lat' dir='ltr'><strong>eadem</strong></span> <span class='ocrx_word' id='word_1_237' title='bbox 656 2512 763 2574; x_wconf 84' lang='lat' dir='ltr'><strong>theatra</strong></span> <span class='ocrx_word' id='word_1_238' title='bbox 781 2513 856 2574; x_wconf 90' lang='lat' dir='ltr'><strong>bene</strong></span> <span class='ocrx_word' id='word_1_239' title='bbox 871 2531 973 2576; x_wconf 88' lang='lat' dir='ltr'><strong>canere</strong></span> <span class='ocrx_word' id='word_1_240' title='bbox 988 2517 1113 2577; x_wconf 91' lang='lat' dir='ltr'><strong>musicos</strong></span> <span class='ocrx_word' id='word_1_241' title='bbox 1129 2514 1180 2575; x_wconf 94' lang='lat' dir='ltr'><strong>do·</strong></span> 
     </span>
     <span class='ocr_line' id='line_1_28' title="bbox 137 2591 1179 2679; baseline 0.001 -21"><span class='ocrx_word' id='word_1_242' title='bbox 137 2605 171 2658; x_wconf 87' lang='lat'><strong>10</strong></span> <span class='ocrx_word' id='word_1_243' title='bbox 181 2604 272 2655; x_wconf 89' lang='lat' dir='ltr'><strong>ceant.</strong></span> <span class='ocrx_word' id='word_1_244' title='bbox 297 2591 400 2656; x_wconf 88' lang='lat' dir='ltr'><strong>Omnes</strong></span> <span class='ocrx_word' id='word_1_245' title='bbox 417 2595 491 2653; x_wconf 87' lang='lat' dir='ltr'><strong>enim</strong></span> <span class='ocrx_word' id='word_1_246' title='bbox 507 2597 554 2672; x_wconf 90' lang='lat' dir='ltr'><strong>qui</strong></span> <span class='ocrx_word' id='word_1_247' title='bbox 569 2594 699 2676; x_wconf 88' lang='lat' dir='ltr'><strong>placendi</strong></span> <span class='ocrx_word' id='word_1_248' title='bbox 714 2614 798 2658; x_wconf 89' lang='lat' dir='ltr'><strong>causa</strong></span> <span class='ocrx_word' id='word_1_249' title='bbox 812 2597 939 2658; x_wconf 90' lang='lat' dir='ltr'><strong>scribunt</strong></span> <span class='ocrx_word' id='word_1_250' title='bbox 956 2597 1047 2677; x_wconf 88' lang='lat' dir='ltr'><strong>qualia</strong></span> <span class='ocrx_word' id='word_1_251' title='bbox 1061 2598 1179 2679; x_wconf 87' lang='lat' dir='ltr'><strong>placere</strong></span> 
     </span>
     <span class='ocr_line' id='line_1_29' title="bbox 176 2676 1179 2760; baseline 0.005 -22"><span class='ocrx_word' id='word_1_252' title='bbox 176 2677 299 2739; x_wconf 86' lang='lat' dir='ltr'><strong>viderint</strong></span> <span class='ocrx_word' id='word_1_253' title='bbox 320 2679 454 2739; x_wconf 86' lang='lat' dir='ltr'><strong>scribent.</strong></span> <span class='ocrx_word' id='word_1_254' title='bbox 488 2676 532 2737; x_wconf 78' lang='lat' dir='ltr'><strong>Ac</strong></span> <span class='ocrx_word' id='word_1_255' title='bbox 546 2679 615 2740; x_wconf 93' lang='lat' dir='ltr'><strong>mihi</strong></span> <span class='ocrx_word' id='word_1_256' title='bbox 631 2680 743 2759; x_wconf 88' lang='lat' dir='ltr'><strong>quidem</strong></span> <span class='ocrx_word' id='word_1_257' title='bbox 759 2679 870 2742; x_wconf 90' lang='lat' dir='ltr'><strong>coniido</strong></span> <span class='ocrx_word' id='word_1_258' title='bbox 885 2683 914 2740; x_wconf 94' lang='lat' dir='ltr'><strong>in</strong></span> <span class='ocrx_word' id='word_1_259' title='bbox 928 2682 985 2743; x_wconf 94' lang='lat' dir='ltr'><strong>boc</strong></span> <span class='ocrx_word' id='word_1_260' title='bbox 999 2701 1108 2760; x_wconf 82' lang='lat' dir='ltr'><strong>genere</strong></span> <span class='ocrx_word' id='word_1_261' title='bbox 1121 2701 1179 2743; x_wconf 93' lang='lat' dir='ltr'><strong>ma·</strong></span> 
     </span>
     <span class='ocr_line' id='line_1_30' title="bbox 176 2761 1178 2847; baseline 0.002 -23"><span class='ocrx_word' id='word_1_262' title='bbox 176 2765 265 2825; x_wconf 90' lang='lat' dir='ltr'><strong>teriae</strong></span> <span class='ocrx_word' id='word_1_263' title='bbox 289 2762 414 2822; x_wconf 88' lang='lat' dir='ltr'><strong>laetioris</strong></span> <span class='ocrx_word' id='word_1_264' title='bbox 435 2761 492 2822; x_wconf 91' lang='lat' dir='ltr'><strong>stili</strong></span> <span class='ocrx_word' id='word_1_265' title='bbox 513 2773 648 2825; x_wconf 86' lang='lat' dir='ltr'><strong>constare·</strong></span> <span class='ocrx_word' id='word_1_266' title='bbox 666 2767 819 2842; x_wconf 87' lang='lat' dir='ltr'><strong>rationem,</strong></span> <span class='ocrx_word' id='word_1_267' title='bbox 843 2782 906 2824; x_wconf 89' lang='lat' dir='ltr'><strong>cunr</strong></span> <span class='ocrx_word' id='word_1_268' title='bbox 928 2783 961 2827; x_wconf 95' lang='lat' dir='ltr'><strong>ea</strong></span> <span class='ocrx_word' id='word_1_269' title='bbox 986 2767 1081 2847; x_wconf 89' lang='lat' dir='ltr'><strong>potius</strong></span> <span class='ocrx_word' id='word_1_270' title='bbox 1104 2786 1178 2847; x_wconf 90' lang='lat' dir='ltr'><strong>quae</strong></span> 
     </span>
     <span class='ocr_line' id='line_1_31' title="bbox 176 2845 1220 2931; baseline 0.004 -25"><span class='ocrx_word' id='word_1_271' title='bbox 176 2848 305 2928; x_wconf 89' lang='lat' dir='ltr'><strong>pressius</strong></span> <span class='ocrx_word' id='word_1_272' title='bbox 321 2855 350 2906; x_wconf 87' lang='lat' dir='ltr'><strong>ct</strong></span> <span class='ocrx_word' id='word_1_273' title='bbox 365 2845 527 2909; x_wconf 85' lang='lat' dir='ltr'><strong>adstrictius</strong></span> <span class='ocrx_word' id='word_1_274' title='bbox 550 2866 632 2927; x_wconf 89' lang='lat' dir='ltr'><strong>quam</strong></span> <span class='ocrx_word' id='word_1_275' title='bbox 653 2848 700 2911; x_wconf 90' lang='lat' dir='ltr'><strong>ilia</strong></span> <span class='ocrx_word' id='word_1_276' title='bbox 721 2867 793 2929; x_wconf 88' lang='lat' dir='ltr'><strong>quae</strong></span> <span class='ocrx_word' id='word_1_277' title='bbox 814 2847 930 2910; x_wconf 90' lang='lat' dir='ltr'><strong>hilarius</strong></span> <span class='ocrx_word' id='word_1_278' title='bbox 952 2859 980 2910; x_wconf 88' lang='lat' dir='ltr'><strong>et</strong></span> <span class='ocrx_word' id='word_1_279' title='bbox 1003 2852 1083 2931; x_wconf 90' lang='lat' dir='ltr'><strong>quasi</strong></span> <span class='ocrx_word' id='word_1_280' title='bbox 1098 2850 1220 2911; x_wconf 82' lang='lat' dir='ltr'><strong>exul-ao</strong></span> 
     </span>
    </p>
   </div>
   <div class='ocr_carea' id='block_1_3' title="bbox 135 2928 1216 3496">
    <p class='ocr_par' dir='ltr' id='par_1_3' title="bbox 174 2928 1177 3179">
     <span class='ocr_line' id='line_1_32' title="bbox 174 2928 1176 3009; baseline 0.002 -17"><span class='ocrx_word' id='word_1_281' title='bbox 174 2933 277 2992; x_wconf 82' lang='lat' dir='ltr'><strong>tentius</strong></span> <span class='ocrx_word' id='word_1_282' title='bbox 299 2932 402 3009; x_wconf 89' lang='lat' dir='ltr'><strong>scripsi</strong></span> <span class='ocrx_word' id='word_1_283' title='bbox 423 2931 533 3008; x_wconf 90' lang='lat' dir='ltr'><strong>possint</strong></span> <span class='ocrx_word' id='word_1_284' title='bbox 554 2932 645 2992; x_wconf 84' lang='lat' dir='ltr'><strong>rideri</strong></span> <span class='ocrx_word' id='word_1_285' title='bbox 664 2935 804 2995; x_wconf 89' lang='lat' dir='ltr'><strong>accersita</strong></span> <span class='ocrx_word' id='word_1_286' title='bbox 827 2941 856 2992; x_wconf 91' lang='lat' dir='ltr'><strong>et</strong></span> <span class='ocrx_word' id='word_1_287' title='bbox 879 2933 1006 2996; x_wconf 91' lang='lat' dir='ltr'><strong>inducta:</strong></span> <span class='ocrx_word' id='word_1_288' title='bbox 1032 2928 1176 2995; x_wconf 73' lang='lat' dir='ltr'><strong>non&#39;ideo</strong></span> 
     </span>
     <span class='ocr_line' id='line_1_33' title="bbox 175 3017 1177 3098; baseline 0.003 -23"><span class='ocrx_word' id='word_1_289' title='bbox 175 3025 268 3076; x_wconf 89' lang='lat' dir='ltr'><strong>tamen</strong></span> <span class='ocrx_word' id='word_1_290' title='bbox 290 3017 406 3092; x_wconf 79' lang='lat' dir='ltr'><strong>segnius</strong></span> <span class='ocrx_word' id='word_1_291' title='bbox 427 3030 532 3092; x_wconf 89' lang='lat' dir='ltr'><strong>precor</strong></span> <span class='ocrx_word' id='word_1_292' title='bbox 553 3026 583 3077; x_wconf 91' lang='lat' dir='ltr'><strong>ut</strong></span> <span class='ocrx_word' id='word_1_293' title='bbox 612 3017 780 3095; x_wconf 88' lang='lat' dir='ltr'><strong>quandoque</strong></span> <span class='ocrx_word' id='word_1_294' title='bbox 800 3017 894 3077; x_wconf 87' lang='lat' dir='ltr'><strong>veniat</strong></span> <span class='ocrx_word' id='word_1_295' title='bbox 916 3018 977 3080; x_wconf 85' lang='lat' dir='ltr'><strong>dics</strong></span> <span class='ocrx_word' id='word_1_296' title='bbox 1000 3019 1177 3098; x_wconf 88' lang='lat' dir='ltr'><strong>(utinamque</strong></span> 
     </span>
     <span class='ocr_line' id='line_1_34' title="bbox 174 3098 1177 3179; baseline 0.003 -20"><span class='ocrx_word' id='word_1_297' title='bbox 174 3100 227 3160; x_wconf 94' lang='lat' dir='ltr'><strong>iam</strong></span> <span class='ocrx_word' id='word_1_298' title='bbox 241 3098 381 3178; x_wconf 83' lang='lat' dir='ltr'><strong>veneriti)</strong></span> <span class='ocrx_word' id='word_1_299' title='bbox 399 3114 455 3178; x_wconf 90' lang='lat' dir='ltr'><strong>quo</strong></span> <span class='ocrx_word' id='word_1_300' title='bbox 471 3103 591 3162; x_wconf 83' lang='lat' dir='ltr'><strong>austeris</strong></span> <span class='ocrx_word' id='word_1_301' title='bbox 609 3101 664 3163; x_wconf 87' lang='lat' dir='ltr'><strong>iliis</strong></span> <span class='ocrx_word' id='word_1_302' title='bbox 687 3103 855 3179; x_wconf 77' lang='lat' dir='ltr'><strong>severisque</strong></span> <span class='ocrx_word' id='word_1_303' title='bbox 871 3101 962 3163; x_wconf 87' lang='lat' dir='ltr'><strong>dulcia</strong></span> <span class='ocrx_word' id='word_1_304' title='bbox 975 3102 1048 3163; x_wconf 86' lang='lat' dir='ltr'><strong>haec</strong></span> <span class='ocrx_word' id='word_1_305' title='bbox 1062 3101 1177 3162; x_wconf 89' lang='lat' dir='ltr'><strong>blanda·</strong></span> 
     </span>
    </p>

    <p class='ocr_par' dir='ltr' id='par_1_4' title="bbox 135 3182 1216 3496">
     <span class='ocr_line' id='line_1_35' title="bbox 135 3182 1176 3264; baseline 0.003 -21"><span class='ocrx_word' id='word_1_306' title='bbox 135 3197 231 3264; x_wconf 87' lang='lat' dir='ltr'><strong>11que</strong></span> <span class='ocrx_word' id='word_1_307' title='bbox 248 3182 296 3243; x_wconf 89' lang='lat' dir='ltr'><strong>vel</strong></span> <span class='ocrx_word' id='word_1_308' title='bbox 316 3183 388 3244; x_wconf 87' lang='lat' dir='ltr'><strong>iusta</strong></span> <span class='ocrx_word' id='word_1_309' title='bbox 409 3186 597 3262; x_wconf 90' lang='lat' dir='ltr'><strong>possessione</strong></span> <span class='ocrx_word' id='word_1_310' title='bbox 619 3185 766 3247; x_wconf 87' lang='lat' dir='ltr'><strong>decedant.</strong></span> <span class='ocrx_word' id='word_1_311' title='bbox 797 3184 893 3246; x_wconf 86' lang='lat' dir='ltr'><strong>Habes</strong></span> <span class='ocrx_word' id='word_1_312' title='bbox 916 3197 980 3246; x_wconf 88' lang='lat' dir='ltr'><strong>acta</strong></span> <span class='ocrx_word' id='word_1_313' title='bbox 999 3204 1063 3247; x_wconf 91' lang='lat' dir='ltr'><strong>mea</strong></span> <span class='ocrx_word' id='word_1_314' title='bbox 1078 3185 1176 3256; x_wconf 87' lang='lat' dir='ltr'><strong>tridui;</strong></span> 
     </span>
     <span class='ocr_line' id='line_1_36' title="bbox 174 3265 1216 3348; baseline 0.006 -21"><span class='ocrx_word' id='word_1_315' title='bbox 174 3268 276 3347; x_wconf 90' lang='lat' dir='ltr'><strong>quibus</strong></span> <span class='ocrx_word' id='word_1_316' title='bbox 293 3269 413 3346; x_wconf 79' lang='lat' dir='ltr'><strong>cognitis</strong></span> <span class='ocrx_word' id='word_1_317' title='bbox 429 3265 506 3327; x_wconf 86' lang='lat' dir='ltr'><strong>volui</strong></span> <span class='ocrx_word' id='word_1_318' title='bbox 528 3276 633 3329; x_wconf 88' lang='lat' dir='ltr'><strong>tantum</strong></span> <span class='ocrx_word' id='word_1_319' title='bbox 648 3278 676 3329; x_wconf 90' lang='lat' dir='ltr'><strong>te</strong></span> <span class='ocrx_word' id='word_1_320' title='bbox 692 3269 845 3348; x_wconf 89' lang='lat' dir='ltr'><strong>voluptatis</strong></span> <span class='ocrx_word' id='word_1_321' title='bbox 861 3269 1008 3330; x_wconf 87' lang='lat' dir='ltr'><strong>absentem</strong></span> <span class='ocrx_word' id='word_1_322' title='bbox 1024 3280 1053 3331; x_wconf 88' lang='lat' dir='ltr'><strong>et</strong></span> <span class='ocrx_word' id='word_1_323' title='bbox 1067 3269 1216 3333; x_wconf 77' lang='lat' dir='ltr'><strong>studio-³5</strong></span> 
     </span>
     <span class='ocr_line' id='line_1_37' title="bbox 172 3353 1174 3434; baseline 0.004 -24"><span class='ocrx_word' id='word_1_324' title='bbox 172 3370 232 3411; x_wconf 91' lang='lat' dir='ltr'><strong>rum</strong></span> <span class='ocrx_word' id='word_1_325' title='bbox 247 3353 360 3411; x_wconf 91' lang='lat' dir='ltr'><strong>nomine</strong></span> <span class='ocrx_word' id='word_1_326' title='bbox 374 3360 403 3411; x_wconf 89' lang='lat' dir='ltr'><strong>ct</strong></span> <span class='ocrx_word' id='word_1_327' title='bbox 416 3368 481 3412; x_wconf 92' lang='lat' dir='ltr'><strong>meo</strong></span> <span class='ocrx_word' id='word_1_328' title='bbox 504 3368 624 3432; x_wconf 79' lang='lat' dir='ltr'><strong>capere,</strong></span> <span class='ocrx_word' id='word_1_329' title='bbox 647 3363 778 3433; x_wconf 88' lang='lat' dir='ltr'><strong>quantum</strong></span> <span class='ocrx_word' id='word_1_330' title='bbox 798 3370 937 3430; x_wconf 89' lang='lat' dir='ltr'><strong>praesens</strong></span> <span class='ocrx_word' id='word_1_331' title='bbox 953 3355 1106 3434; x_wconf 88' lang='lat' dir='ltr'><strong>percipere</strong></span> <span class='ocrx_word' id='word_1_332' title='bbox 1122 3369 1174 3434; x_wconf 92' lang='lat' dir='ltr'><strong>po·</strong></span> 
     </span>
     <span class='ocr_line' id='line_1_38' title="bbox 172 3434 400 3496; baseline 0 0"><span class='ocrx_word' id='word_1_333' title='bbox 172 3437 287 3496; x_wconf 88' lang='lat' dir='ltr'><strong>tuisscs.</strong></span> <span class='ocrx_word' id='word_1_334' title='bbox 320 3434 400 3496; x_wconf 86' lang='lat' dir='ltr'><strong>Vale.</strong></span> 
     </span>
    </p>
   </div>
   <div class='ocr_carea' id='block_1_4' title="bbox 0 0 1296 3972">
    <p class='ocr_par' dir='ltr' id='par_1_5' title="bbox 0 0 1296 3972">
     <span class='ocr_line' id='line_1_39' title="bbox 0 0 1296 3972; baseline 0 5"><span class='ocrx_word' id='word_1_335' title='bbox 0 0 1296 3972; x_wconf 95' lang='lat' dir='ltr'><strong> </strong></span> 
     </span>
    </p>
   </div>
  </div>
 </body>
</html>
