2580 3978
147 279 169 344 6
571 268 604 332 G.
627 269 724 332 PllNl

148 429 194 490 rin
208 425 332 505 optimus
346 425 375 484 in
393 425 554 504 praesentia
568 423 660 502 uelis,
682 441 766 503 quam
780 423 849 503 quid
863 441 978 502 semper
993 425 1034 492 sis
1051 420 1154 500 proha-

124 523 241 575 tturus.
270 508 317 570 lle
338 511 415 570 circa
431 507 499 570 ldus
523 507 658 569 Octobris
674 525 762 586 spero
777 506 885 568 Romae
902 508 1027 568 futurum
1042 504 1154 566 eadem·
1193 525 1199 532 ·

148 615 205 676 que
220 595 293 655 haec
309 601 491 693 praesentem
507 609 622 672 quoque
639 601 687 652 tua
702 609 823 670 meaque
841 590 897 652 lide
909 590 991 652 Gallo
1008 590 1155 650 confirma·

148 690 255 750 turum;
283 679 330 738 cui
346 686 439 738 tamen
457 678 511 776 iam
531 695 605 738 nunc
625 675 696 736 licet
715 675 859 754 spondeas
881 675 917 735 de
937 677 1030 736 animo
1048 669 1153 752 meon}

126 759 205 827 ocal
217 759 401 844 κυανέῃσιν
413 751 467 821 ἐπ’
482 751 610 840 ὀφρύσι
621 759 733 820 νεῦσε
757 758 816 821 Gur
828 760 903 820 enirn
919 777 977 820 non
991 775 1154 837 usquequa·
1162 775 1178 828 5

149 867 206 928 que
226 846 388 908 Homericis
407 845 540 906 versibus
565 863 647 924 agam
668 841 786 906 tecum?
813 853 954 924 quatenus
974 852 1005 904 tu
1028 859 1074 902 me
1097 843 1154 902 tuis

147 950 236 1010 agere
256 948 314 990 non
334 930 458 1008 pateris,
483 946 603 1008 quorum
623 936 697 990 tanta
719 928 875 1008 cupiditate
893 928 981 990 ardeo
1004 937 1036 988 ut
1055 926 1155 986 videar

148 1017 215 1075 mihi
230 1015 283 1075 hac
298 1013 361 1075 sola
380 1013 513 1074 mercede
530 1030 621 1092 posse
638 1014 781 1092 corrumpi
796 1022 827 1073 ut
841 1011 890 1074 vel
906 1022 1005 1073 contra
1019 1011 1153 1071 Baeticos

126 1098 248 1165 oadsim.
270 1097 363 1158 Paene
375 1097 509 1175 praeterii
521 1096 599 1175 quod
612 1098 727 1158 minime
739 1095 977 1175 praetereundum
990 1094 1054 1172 init,
1070 1111 1153 1154 acce-

150 1184 230 1262 pisse
246 1199 292 1242 mc
311 1190 440 1250 careotas
456 1182 589 1264 optimas,
605 1198 678 1259 quae
693 1198 768 1240 nunc
783 1198 846 1240 cum
859 1181 921 1242 imis
932 1190 962 1243 et
972 1178 1080 1241 boletis
1093 1197 1197 1251 cer-10

148 1267 260 1328 tandum
275 1266 390 1326 habent.
425 1263 506 1326 Vale

611 1395 689 1459 Vlll.

98 1481 219 1594 Qssu'
328 1498 354 1550 c.
370 1497 494 1550 rnmrus
513 1497 652 1550 nonnum
673 1494 855 1549 saronnrno
872 1494 931 1546 suo
949 1494 975 1546 s.

125 1619 139 1670 1
208 1599 426 1680 Peropportune
438 1599 506 1660 milri
520 1598 648 1660 redditae
660 1608 726 1660 sunt
740 1598 853 1659 litterae
866 1608 944 1677 tuae,
957 1597 1061 1677 quibus
1073 1597 1154 1676 dagi-
1163 1623 1196 1676 15

149 1684 229 1746 tahas
249 1694 281 1745 ut
300 1685 352 1745 tibi
371 1683 479 1762 aliquid
501 1702 538 1744 ex
559 1685 677 1761 scriptis
692 1684 764 1744 meis
785 1685 944 1760 mitterem,
967 1699 1032 1743 cum
1050 1699 1107 1759 ego
1124 1682 1154 1742 id

147 1770 243 1847 ipsum
255 1769 453 1830 destinassem.
464 1766 607 1829 Addidisti
620 1784 692 1845 ergo
705 1767 827 1827 calcaria
839 1775 942 1845 sponte
955 1768 1092 1844 currenti,
1103 1783 1154 1844 pa·

147 1855 276 1931 riterque
293 1862 322 1913 et
337 1853 388 1913 tibi
405 1855 516 1912 veniam
533 1852 685 1912 recusandi
701 1851 808 1913 laboris
827 1859 856 1911 et
870 1851 939 1911 milri
953 1850 1088 1929 exigendi
1101 1869 1153 1910 ve·

123 1936 311 2005 preeundiam
333 1935 483 1998 sustulisti.
514 1935 584 1996 Nam
604 1954 660 1996 nec
684 1953 731 1997 me
746 1933 844 1995 timide
860 1937 901 1995 uti
919 1935 1004 1996 decet
1019 1952 1055 1995 eo
1076 1933 1154 2013 quod

148 2019 273 2082 oblatum
288 2029 334 2082 est
351 2039 406 2082 nec
423 2031 452 2082 te
468 2022 579 2099 gravari
594 2019 671 2098 quod
689 2019 899 2099 depoposcisti.
920 2017 986 2079 Non
1001 2028 1047 2080 est
1061 2028 1197 2094 tamen20

34 2101 35 2104 ’
147 2105 225 2184 quod
238 2106 274 2166 ab
291 2106 405 2167 homine
422 2105 570 2167 desidioso
585 2104 692 2184 aliquid
706 2105 774 2165 nori
790 2105 889 2182 operis
906 2112 1055 2182 expectes.
1077 2101 1153 2163 Peti-

124 2213 126 2217 .
147 2198 227 2250 turus
243 2208 305 2251 sum
317 2192 393 2250 enim
404 2201 435 2250 ut
445 2208 544 2252 rursus
558 2208 646 2251 vaces
662 2190 787 2252 sermoni
803 2205 888 2266 quem
901 2186 977 2266 apud
990 2188 1152 2264 municipes

120 2287 229 2340 3meos
245 2273 329 2333 habui
346 2272 550 2334 bibliothecam
566 2273 758 2334 dedicaturus.
790 2271 906 2332 llemini
922 2270 1036 2348 quidem
1053 2281 1081 2332 te
1097 2273 1153 2331 iam

147 2356 284 2434 quaedam
305 2356 474 2435 adnotasse,
496 2356 549 2418 scd
569 2355 757 2435 generaliter:
781 2356 848 2417 idco
865 2371 940 2415 nnnc
956 2371 1029 2432 rogo
1045 2364 1076 2416 ut
1095 2371 1153 2416 non

147 2449 253 2500 tantum
266 2441 445 2502 universitati
462 2443 525 2501 eius
547 2441 694 2520 attendas,
710 2458 812 2502 verum
827 2441 910 2501 etiam
925 2437 1080 2516 particulas
1097 2456 1196 2514 quap5

147 2523 226 2586 soles
242 2523 308 2584 lima
323 2526 518 2603 persequaris.
537 2523 602 2584 Erit
618 2527 693 2585 enirn
709 2535 739 2586 et
754 2533 822 2605 post
837 2522 1064 2584 emendationem
1078 2521 1152 2583 libe·

124 2621 210 2674 trum
229 2608 313 2669 nobis
328 2607 376 2668 rel
396 2606 545 2687 publicare
561 2608 610 2668 vel
632 2611 791 2671 continere.
823 2608 900 2684 Quin
921 2607 1006 2666 immo
1026 2605 1152 2666 fortasse

147 2691 220 2753 hanc
240 2693 331 2771 ipsam
353 2696 561 2753 cunctationem
590 2703 715 2755 nostram
744 2695 784 2752 in.
797 2690 960 2753 alterutram
982 2693 1152 2752 sententiam

146 2776 352 2838 emendationis
367 2779 440 2837 ratio
458 2776 592 2854 deducet,
609 2795 683 2857 quae
699 2786 747 2838 aut
761 2775 908 2855 indignum
923 2774 1067 2854 editione,
1085 2775 1151 2836 dum

144 2863 261 2939 saepius
276 2869 427 2939 retractat,
442 2861 569 2922 inveniet
588 2871 637 2922 aut
657 2861 788 2939 dignum,
805 2860 871 2921 dum
886 2860 915 2922 id
929 2861 1023 2940 ipsum
1038 2862 1196 2940 experi-ao

122 2952 209 3022 5tur‚
234 2944 352 3006 efficiet.
381 2943 556 3024 Quamquam
570 2945 655 3008 huius
671 2946 859 3008 cunctationis
875 2962 957 3005 meae
974 2961 1079 3006 causae
1093 2962 1151 3006 non

146 3030 242 3088 tamin
259 3030 376 3108 scriptis
393 3047 475 3107 quam
488 3031 517 3090 in
536 3031 602 3109 ipso
619 3031 754 3090 materiae
768 3048 877 3108 genere
896 3030 1066 3090 consistunt.
1096 3029 1167 3091 list-

144 3114 220 3173 enim
238 3113 323 3190 paulo
345 3116 427 3191 qnasi
447 3113 607 3193 gloriosius
629 3123 660 3176 et
677 3112 790 3176 elatius·
824 3112 960 3174 ⁰neralrit
980 3113 1037 3174 hoc
1051 3113 1150 3173 mode·

144 3198 226 3258 stiam
241 3207 381 3276 nostram,
398 3199 509 3260 etiamsi
523 3198 607 3260 stilus
619 3200 685 3278 ipse
697 3215 816 3277 pressus
833 3196 1035 3276 demissusque
1049 3197 1148 3276 inerit,

144 3282 389 3361 proptereaquod
402 3284 531 3360 cogimur
543 3301 607 3343 cum
621 3283 658 3345 de
672 3283 863 3344 munificentia
875 3292 1025 3361 parentum
1035 3291 1191 3345 nostro-35

120 3375 207 3430 druna
225 3374 284 3426 tum
306 3366 342 3427 de
365 3376 463 3428 nostra
481 3365 638 3446 disputare.
670 3367 788 3445 Anceps
803 3366 851 3427 hic
871 3375 902 3428 et
918 3366 1045 3428 lubricus
1064 3365 1148 3428 locus

143 3458 200 3528 est,
221 3451 306 3510 etiam
328 3468 392 3510 cum
406 3449 448 3511 illi
460 3454 619 3513 necessitas
641 3449 830 3512 lenocinatur.
858 3449 972 3512 Etenim
991 3453 1017 3514 si
1036 3451 1148 3513 alienae

144 3549 262 3613 quoque
278 3533 377 3596 laudes
394 3551 494 3614 parum
507 3537 608 3614 aequis
623 3533 739 3598 auribus
756 3537 850 3615 accipi
866 3535 978 3615 solent,
995 3553 1078 3614 quam
1094 3535 1147 3596 dii·
