2580 3970
403 259 668 324 PANEGYRICUS
690 263 829 324 9.'10.11.
1053 259 1115 324 245

109 413 166 478 trii
187 414 242 476 Ubi
257 413 359 475 deiude
375 411 545 493 disciplina?
560 414 609 474 ubi
619 430 681 474 mos
693 431 709 473 a
719 413 872 474 maioribus
884 413 1011 491 traditus,
1025 413 1114 493 quod·

110 517 232 579 cumque
246 500 400 578 imperator
415 517 515 559 munus
536 499 715 575 iniungeret,
742 514 834 575 aequo
850 499 941 557 animo
958 507 1114 577 paratoque

110 579 271 646 subeundi?
308 580 382 654 Quid
404 583 494 658 enim,
515 583 540 642 si
554 582 715 660 provincias
733 598 770 640 ex
784 581 956 658 prouinciis,
981 599 1018 640 ex
1030 580 1115 642 bellis

109 665 186 728 bella
200 662 364 726 mandaret?
395 664 507 726 Eodem
521 664 600 724 illum
615 665 656 724 uti
673 665 754 741 iure,
778 682 842 724 cum
857 663 892 724 ad
906 665 1056 743 imperium
1070 682 1114 724 re·

86 755 213 827 evocet,
230 766 287 828 quo
303 751 340 810 ait
355 766 441 826 usus,
459 767 523 809 cum
537 747 571 808 ad
584 749 740 808 exercitum
752 749 875 824 miserit,
891 747 1018 827 nihilque
1029 749 1116 808 iuter·

109 851 177 896 esse
192 835 233 893 ire
256 832 381 910 legatum
396 851 431 892 au
446 831 541 892 redire
556 833 716 911 principem
730 831 842 908 iubeat,
868 833 922 891 nisi
938 831 1015 910 quod
1028 832 1116 891 maior

109 919 146 979 sit
161 916 293 995 obsequii
308 915 399 993 gloria
413 918 441 976 in
456 934 492 976 eo
509 915 585 996 quod
599 917 663 994 quis
678 917 768 975 miuus
789 915 868 975 velit.
912 915 1046 993 Augebat
1066 932 1114 975 au·
1127 908 1168 972 10

110 1001 269 1062 ctoritatem
287 1001 412 1060 iubentis
431 1001 459 1060 in
480 1017 617 1062 summum
641 998 794 1060 discrimen
813 1001 966 1060 auctoritas
990 1000 1052 1060 eius
1069 998 1116 1058 ad·

109 1085 205 1162 ductu,
221 1092 307 1163 utque
321 1086 411 1161 magia
426 1082 579 1164 parendum
590 1084 738 1162 imperanti
749 1091 864 1160 putares
879 1082 1057 1144 alliciebatur
1068 1099 1116 1160 eo,

68 1167 187 1248 loquod
200 1166 236 1227 ab
252 1167 315 1228 aliis
330 1169 421 1228 miuus
438 1167 599 1247 parebatur.
634 1166 680 1226 Ad
701 1165 758 1227 boc
780 1165 916 1226 audiebas
933 1175 1048 1227 seramus
1064 1183 1116 1244 po·

110 1251 227 1331 pulique
245 1269 425 1312 consensum.
445 1249 509 1312 lion
523 1253 604 1310 unius
619 1247 733 1310 Nervae
747 1249 879 1310 iudicium
894 1249 981 1328 illud,
997 1249 1046 1310 illa
1057 1248 1117 1309 ele·

51 1350 65 1367 ·
112 1337 170 1396 ctio
184 1334 246 1394 luit.
266 1333 336 1394 Nam
347 1334 396 1414 qui
407 1333 513 1413 ubique
529 1342 592 1395 suut
604 1332 733 1395 homiues
746 1333 804 1393 boc
818 1332 894 1394 idem
907 1335 983 1393 votis
997 1341 1116 1410 expete-

111 1420 191 1486 baut;
216 1416 268 1478 ille
292 1427 397 1479 tautum
418 1419 479 1478 iure
501 1418 638 1497 principis
662 1419 831 1496 occupavit,
858 1418 1023 1496 primusque
1048 1415 1118 1476 iecit

112 1501 190 1582 quod
202 1501 303 1562 facturi
318 1519 416 1564 omues
431 1511 521 1561 eraut.
540 1499 604 1561 Noc
615 1499 741 1561 Hercule
756 1509 833 1562 tauto
849 1515 938 1580 opere
952 1501 1061 1560 cunctis
1076 1498 1117 1560 ia·

69 1587 103 1640 15
113 1595 188 1646 ctum
202 1584 347 1665 placeret,
368 1585 422 1645 nisi
438 1584 596 1664 placuisset
610 1592 675 1644 aute
692 1600 773 1663 quam
795 1583 886 1645 lieret.
919 1585 958 1644 m
980 1602 1053 1662 quo,
1076 1582 1113 1642 dii

112 1670 197 1744 boni,
220 1677 443 1748 temperamento
463 1676 635 1748 potestatem
650 1677 725 1728 tuam
742 1667 938 1748 fortunamque
952 1667 1115 1728 moderatus

113 1753 160 1814 esi
184 1752 342 1831 luperator
361 1762 391 1812 tu
407 1751 496 1814 titulis
514 1761 543 1812 et
557 1752 725 1829 imaginibus
741 1761 771 1812 et
786 1753 892 1830 siguis,
914 1761 1042 1812 ceterum
1057 1767 1117 1810 mo·

113 1837 206 1898 destia
224 1835 323 1896 labore
342 1836 488 1915 vigilantia
508 1836 565 1896 dux
584 1845 613 1896 et
628 1835 740 1912 legatus
755 1844 784 1896 et
798 1835 897 1911 miles,
925 1853 988 1896 cum
1002 1836 1057 1894 iam
1071 1842 1117 1894 tuo

112 1918 234 1996 vexilla,
250 1929 313 1980 tuas
326 1920 436 1999 aquilas
448 1936 550 1996 magno
563 1917 652 1996 gradu
664 1921 803 1994 anteires,
819 1938 915 1998 neque
930 1917 1006 1980 aliud
1018 1918 1068 1978 tibi
1081 1935 1118 1976 ex

68 2003 161 2064 moilla
172 2003 326 2081 adoptione
338 2022 420 2083 quam
430 2003 479 2064 lilii
491 2005 639 2082 pietatem,
655 2001 704 2061 lilii
717 2003 884 2080 obsequium
896 2001 1047 2062 adsereres
1056 2000 1117 2059 lou·

111 2087 560 2166 gamquehuicuominiaetutem,
579 2083 692 2162 leugam
707 2083 826 2161 gloriam
839 2102 1004 2164 precarere.
1021 2083 1117 2144 lamte

112 2171 290 2251 providentia
301 2170 418 2231 deorum
427 2171 546 2250 primurn
555 2171 583 2228 iu
592 2168 686 2230 locum
696 2176 921 2247 provexerat;tu
929 2166 1021 2228 adbuc
1032 2170 1060 2227 in
1071 2186 1117 2229 se·

112 2253 204 2314 cundo
215 2255 352 2316 resistere
364 2263 448 2334 atque
463 2255 546 2314 etiam
555 2270 712 2315 senescere
728 2252 860 2330 optabas:
876 2253 1001 2331 privatus
1010 2252 1061 2311 tibi
1076 2252 1117 2310 vi·

112 2338 322 2416 debarisquam
336 2338 383 2398 diu
397 2339 551 2417 imperator
560 2345 589 2396 et
603 2335 673 2397 alius
684 2344 771 2396 esset.
786 2334 889 2396 Audita
904 2345 968 2397 sunt
982 2345 1049 2396 rota
1058 2344 1116 2412 tua,

68 2435 103 2488 25
112 2419 164 2480 sed
174 2422 202 2480 iu
212 2429 343 2499 quantum
352 2422 459 2500 optimo
474 2420 515 2481 illi
524 2420 740 2482 etsauctissimo
751 2420 813 2481 seni
823 2418 894 2481 utile
903 2420 971 2496 fuit,
988 2438 1071 2498 quem
1081 2417 1119 2478 dii

112 2502 195 2564 caelo
206 2504 430 2582 vindicaremut,
441 2523 478 2566 ue
493 2506 560 2583 quid
573 2513 641 2584 post
655 2504 724 2564 illud
739 2503 861 2564 diriuum
873 2515 902 2564 et
916 2503 1064 2564 inmortale
1076 2502 1117 2562 ia-

112 2597 190 2649 ctum
198 2588 317 2648 mortale
325 2589 444 2649 iaceret.
459 2587 569 2650 Deberi
577 2591 683 2667 quippe
692 2589 812 2648 maximo
825 2590 908 2667 operi
919 2586 991 2647 banc
1000 2605 1119 2646 venera·

110 2673 231 2750 tionem,
249 2682 279 2734 ut
292 2673 476 2734 novissimum
490 2680 586 2749 esset,
606 2681 812 2750 auctoremque
827 2673 888 2732 eius
906 2673 1000 2731 statim
1010 2674 1118 2731 'couse-

113 2755 262 2834 craudum‚
278 2765 309 2816 ut
323 2755 492 2836 quaudoque
508 2757 581 2816 inter
596 2765 730 2834 posteros
747 2764 974 2834 quaerereturau
984 2753 1054 2813 illud
1065 2755 1119 2812 inm
1194 2780 1201 2794 =

67 2839 183 2900 bodens
200 2839 330 2902 iecisset.
345 2839 389 2900 lta
399 2839 449 2900 ille
463 2838 541 2900 nullo
552 2841 643 2917 magis
653 2840 765 2899 nomine
777 2837 909 2917 publicus
920 2854 1024 2916 pareus
1035 2855 1118 2916 quam

111 2925 177 3002 quia
186 2931 261 2986 tuus.
281 2922 387 3001 lugens
397 2923 488 3000 gloria
503 2925 663 3001 ingensque
677 2923 767 3000 fama,
781 2939 845 2982 cum
854 2921 965 2982 abunde
982 2931 1118 3000 expertus

112 3015 192 3067 esset
207 3025 290 3086 quam
303 3007 379 3068 bene
387 3010 492 3067 umeris
506 3011 563 3068 tuis
579 3005 695 3068 sederet
708 3007 873 3084 imperium,
888 3005 939 3067 tibi
954 3015 1062 3082 terras,
1089 3013 1119 3064 te

110 3091 196 3150 terris
205 3090 333 3168 reliquit;
350 3109 386 3152 eo
396 3093 461 3170 ipso
474 3108 556 3150 carus
568 3090 698 3151 omnibus
707 3108 742 3152 ac
755 3088 956 3150 desiderandus
965 3089 1041 3168 quod
1051 3105 1118 3165 pro·

111 3183 289 3252 spexeratue
301 3175 519 3236 desideraretur.
531 3172 622 3247 Quem
632 3184 662 3234 tu
672 3174 796 3234 lacrimis
803 3174 933 3252 primum,
943 3174 981 3232 ita
990 3181 1021 3232 ut
1031 3170 1118 3231 lilium
1131 3175 1169 3242 11

66 3265 102 3320 35
111 3255 219 3334 decuit,
232 3276 299 3319 mox
309 3258 425 3335 templis
436 3255 605 3335 honestasti,
620 3275 677 3319 nou
688 3259 808 3318 imitatus
821 3254 886 3316 illos
900 3257 946 3335 qui
959 3255 1016 3314 hoc
1030 3253 1116 3332 idem,

111 3341 165 3401 sed
180 3341 234 3401 alia
248 3350 342 3403 mente
357 3342 494 3402 iecerunt.
526 3340 639 3403 Dicarit
654 3339 1049 3417 caeloTiberiusAugustum,
1065 3339 1119 3400 sed

111 3434 144 3485 ut
159 3426 314 3486 maiestatis
331 3427 438 3486 crimen
452 3425 610 3502 induceret,
627 3424 774 3485 Claudium
788 3422 884 3501 Nero,
902 3423 955 3484 sed
969 3432 1000 3483 ut
1014 3422 1117 3482 inride-

111 3517 174 3587 ret,
196 3505 402 3588 Vespasianum
417 3507 513 3588 Titus,
533 3507 709 3570 Domitianus
728 3506 836 3586 Titum,
864 3506 916 3568 sed
931 3506 999 3582 ille,
1026 3516 1055 3566 ut
1071 3504 1117 3565 dei
