2580 3978
375 247 639 340 EPISTULARUM
652 248 676 309 1.
697 261 741 313 aa.
756 260 799 314 aa.
813 261 856 313 aa.
1075 252 1115 316 21

116 419 179 462 oum
194 401 307 479 moltis,
329 401 488 464 deliberare
502 420 573 463 vero
587 412 618 464 et
634 421 733 464 causas
749 404 811 464 eius
826 403 1008 482 expendere,
1029 414 1117 484 utque

114 487 237 546 suaserit
250 487 334 565 ratio,
349 489 425 547 vitae
440 490 596 566 mortisque
609 486 760 548 consilium
772 485 821 546 vel
836 488 985 566 suscipere
1000 488 1048 548 vel
1064 507 1117 569 po-

113 587 184 630 nere
196 570 318 647 ingentis
333 580 379 631 est
393 573 485 632 ammi.
519 569 557 630 llt
571 569 673 630 medici
689 569 802 650 quidem
817 571 941 632 secunda
956 573 1039 634 nobis
1053 572 1116 652 pol·
1126 586 1158 639 11

111 653 252 715 licentur:
267 664 401 732 superest
415 665 446 716 ut
459 656 607 734 promissis
623 653 694 714 deus
708 655 811 715 adnuat
821 654 992 734 tandemque
1007 674 1051 717 me
1063 655 1118 717 hae

89 736 309 799 ssolltoitudine
324 738 469 808 exsolvat;
494 757 548 818 qua
568 736 704 798 liberatus
719 737 915 800 Laurentinum
928 757 1037 818 meum,
1060 739 1118 800 boc

112 830 160 882 est
174 819 292 882 libellos
307 831 337 882 et
356 822 514 902 pugillares
529 821 744 901 studiosumque
759 823 846 883 otium
864 833 1001 901 repetam.
1034 822 1117 884 Nunc

112 908 190 966 enim
204 904 273 965 nibil
287 904 405 985 legere,
429 905 497 968 nibil
519 907 648 967 scribere
663 916 711 967 aut
726 906 864 967 adsidenti
878 917 960 968 vacat
974 917 1021 967 aut
1034 910 1117 967 anxio

110 988 196 1049 libet.
214 988 310 1051 llabes
323 990 389 1069 quid
403 993 525 1069 timeam,
545 989 612 1068 quid
627 999 734 1070 optem,
748 989 816 1069 quid
830 992 914 1050 etiam
927 992 955 1051 in
970 1002 1118 1071 posterum
1127 1004 1161 1057 la

112 1073 271 1134 destinem:
282 1082 312 1134 tu
328 1073 396 1153 quid
411 1077 518 1153 egeris,
534 1073 601 1154 auid
615 1091 695 1152 ngas,
711 1073 779 1152 quid
793 1073 866 1136 uelis
880 1093 980 1153 agere,
996 1077 1118 1136 invicem

73 1170 104 1222 10
112 1157 209 1234 nobis,
221 1157 275 1218 sed
286 1157 451 1220 laetioribus
462 1157 593 1238 epistulis
604 1158 708 1219 scribe.
723 1157 786 1219 Erit
799 1159 959 1220 confusioni
969 1177 1051 1220 meae
1062 1177 1119 1220 non
1179 1157 1186 1166 ’
1212 1205 1215 1211 f

111 1240 260 1302 mediocre
274 1240 422 1321 solacium,
438 1244 464 1304 si
476 1253 508 1304 tu
520 1241 589 1302 nihil
604 1243 744 1319 quereris.
779 1240 862 1302 Vale.

648 1356 671 1418 Ι.

310 1458 337 1511 c.
357 1457 480 1509 numius
499 1357 647 1510 rouddldl
658 1457 799 1510 saccom
816 1455 876 1508 suc
893 1457 919 1508 s,

176 1541 310 1605 Consulis
325 1561 361 1604 an
376 1546 536 1606 existimem
548 1555 578 1606 te
592 1547 622 1604 in
633 1545 775 1605 tribunatu
791 1563 890 1606 causas
901 1563 989 1622 agere
1002 1543 1143 1610 dcbere.1

74 1639 104 1689 15
112 1627 266 1688 Plurimum
284 1629 375 1688 refert
390 1629 541 1708 quidesse
556 1630 726 1690 tribunatum
740 1638 842 1709 putes,
865 1631 977 1690 inanem
993 1630 1118 1689 umbram

113 1721 144 1772 et
159 1713 223 1772 sine
238 1711 345 1772 bonore
360 1731 464 1774 nomeu
478 1731 513 1773 an
533 1722 706 1791 potestatem
719 1724 930 1774 sacrosanctam
946 1722 976 1773 et
991 1731 1073 1791 quarn
1088 1715 1118 1772 in

114 1796 243 1856 ordinem
258 1797 324 1873 cogi
340 1805 370 1856 ut
385 1815 401 1858 a
416 1794 495 1856 nullo
506 1799 544 1858 ita
558 1815 594 1856 ne
610 1815 627 1858 a
647 1816 680 1858 sc
696 1796 809 1875 quidem
830 1797 943 1857 deceat.
969 1794 1037 1875 lpse
1053 1807 1143 1860 cumb

112 1881 244 1941 tribunus
260 1899 368 1958 essem,
383 1883 536 1941 erraverim
551 1881 673 1941 fortasse
690 1883 737 1960 qui
757 1899 802 1940 me
818 1879 927 1959 aliquid
940 1883 1048 1959 putavi,
1067 1880 1119 1941 sed

112 1973 256 2043 tamquam
270 1981 381 2042 essem,
396 1965 518 2025 abstinui
533 1966 626 2024 causis
641 1964 774 2042 agendis:
790 1965 920 2043 primum,
937 1964 1012 2042 quod
1025 1963 1119 2024 defor-

72 2061 105 2112 20
114 2066 161 2108 me
177 2048 348 2125 arbitrabar,
369 2049 415 2109 cui
433 2047 606 2126 adsurgere,
629 2050 675 2122 cui
690 2047 756 2107 loco
773 2047 879 2108 cedere
897 2049 988 2107 omnis
1004 2058 1120 2126 oporte·

112 2141 179 2209 ret,
199 2131 273 2191 bunc
290 2132 418 2192 omnibus
434 2131 600 2193 sedentibus
617 2141 707 2199 stare;
732 2142 761 2190 et
777 2133 825 2210 qui
841 2131 942 2191 iubere
964 2141 1065 2209 posset
1079 2140 1119 2190 ta·

115 2233 185 2276 cere
202 2233 426 2294 quemcumque,
447 2216 513 2276 buio
530 2215 674 2277 silentium
690 2213 843 2293 clepsydra
864 2214 974 2282 indicia
992 2225 1120 2293 atquem

113 2299 243 2360 interfari
258 2298 338 2359 nefas
360 2309 455 2377 esset,
476 2299 551 2360 lrunc
567 2300 651 2360 etiam
665 2299 797 2359 convicia
809 2298 925 2376 audire,
943 2307 973 2359 et
994 2299 1019 2359 si
1033 2298 1120 2358 inulta

114 2392 272 2463 pateretur,
286 2384 417 2461 inertem,
431 2385 458 2445 si
469 2382 669 2460 ulcisceretur,
684 2383 856 2444 insolentem
869 2383 970 2443 videri.
991 2381 1060 2444 Erat
1071 2383 1144 2444 hio3

75 2472 231 2546 capuaque
245 2475 342 2527 aestus
356 2478 421 2528 ante
437 2467 549 2544 oculos,
564 2468 589 2527 si
604 2467 678 2529 forte
694 2485 739 2528 me
749 2465 927 2546 appellasset
943 2466 991 2526 vel
1007 2466 1057 2526 ille
1074 2467 1121 2526 cui

113 2550 248 2612 adessem
268 2548 317 2610 vel
337 2549 387 2612 ille
403 2569 488 2629 quem
509 2560 623 2630 contra,
644 2551 854 2612 intercederem
869 2560 899 2611 et
913 2550 1048 2611 auxilium
1064 2551 1121 2611 ier·

113 2652 193 2711 rem,
220 2653 255 2694 an
277 2634 460 2711 quiescerem
479 2633 653 2713 sileremque
678 2645 707 2695 et
729 2635 810 2714 quasi
830 2635 939 2696 eiurato
956 2637 1121 2712 magistratu

114 2720 255 2798 privatum
270 2719 334 2795 ipse
347 2737 393 2778 me
408 2719 544 2780 facerem.
565 2718 616 2778 llis
630 2719 786 2779 rationibus
797 2727 901 2796 motus,
913 2717 998 2778 malui
1010 2737 1056 2777 me
1070 2720 1144 2779 tri-4

115 2805 221 2862 bunum
235 2801 365 2862 omnibus
380 2802 519 2862 exhibere
534 2821 617 2880 quam
628 2802 728 2883 paucis
740 2802 916 2863 advocatum.
939 2801 998 2863 Sed
1012 2811 1052 2880 tu,
1068 2803 1146 2864 ite-5

78 2885 305 2964 arumnicum,
330 2886 481 2965 plurimum
504 2887 624 2948 interest
649 2885 718 2965 quid
742 2904 809 2950 esse
833 2887 1004 2946 tribunatum
1023 2896 1120 2965 putes,

116 2988 199 3048 quam
214 2987 365 3048 personam
380 2971 433 3030 tibi
445 2970 574 3050 inponas,
591 2988 664 3050 quae
677 2969 800 3049 sapienti
813 2970 876 3029 viro
890 2971 929 3030 ita
942 2970 1062 3049 aptanda
1077 2979 1122 3030 cst

116 3063 146 3116 nt
162 3053 332 3132 perferatur.
363 3053 445 3114 Vale.

558 3135 680 3198 XXllll.

327 3237 356 3287 o.
374 3235 501 3288 ruimus
517 3207 633 3289 ansero
650 3235 787 3287 buscano
806 3234 867 3286 suo
886 3233 913 3286 a.

81 3336 110 3391 35
178 3328 370 3408 Tranquillus,
388 3329 599 3392 contubernalis
612 3347 704 3406 meus,
720 3328 780 3390 vult
792 3345 889 3389 emere
901 3326 1026 3406 agellum
1037 3339 1144 3406 queml

117 3414 265 3475 venditare
281 3415 388 3475 amicus
411 3425 475 3476 tuus
490 3415 602 3475 dicitur.
629 3413 716 3490 Rogo
731 3431 816 3473 cures
831 3413 926 3492 quanti
940 3429 1061 3491 aequom
1077 3421 1146 3473 esta

120 3509 206 3559 emat:
217 3500 257 3558 ita
269 3500 343 3558 enim
355 3497 509 3577 delectabit
525 3502 641 3560 emisse.
662 3497 733 3559 Nam
746 3496 818 3557 mala
832 3497 938 3576 emptio
953 3512 1068 3572 semper
1083 3497 1122 3553 in·
