2580 3978
185 245 227 309 32
564 293 566 296 .
613 239 644 306 G.
668 239 764 302 Plle

185 415 323 479 perquam
344 413 496 458 onerosum
521 414 660 458 accusare
681 396 853 473 damnatum,
879 413 964 474 quem
989 403 1021 456 ut
1041 393 1192 474 premebat

186 483 320 544 atrocitas
337 482 472 558 criminis,
488 482 527 542 ita
537 483 618 559 quasi
629 490 764 559 peractae
777 479 961 540 damnationis
972 481 1116 541 miseratio
1127 488 1191 540 tue·
1287 479 1288 512 f

146 571 178 625 ld
187 568 276 627 batur.
295 565 454 644 Utcumque
465 574 559 624 tamen
570 567 689 625 animum
701 565 959 643 cogitationemque
973 563 1092 642 collegi,
1105 565 1191 642 coepi
1287 605 1288 624 ι

186 651 285 712 dicere
299 668 356 710 non
370 651 478 709 minore
493 646 663 710 audientium
677 646 800 710 adsensu
812 666 894 726 quam
906 646 1097 710 sollicitudine
1111 665 1191 708 mea:
1287 625 1288 696 l

187 735 243 795 dixi
258 735 335 794 horis
349 749 442 812 paene
458 734 592 812 quinque.
613 731 685 794 Nam
699 732 849 794 duodecim
866 729 1027 811 clepsydris
1043 749 1112 811 quas
1125 749 1219 810 spa-5

185 820 354 880 tiosissimas
375 834 545 895 acceperam
563 825 629 878 sunt
651 817 761 878 audine
784 824 924 895 quattuor.
956 814 1038 876 Adeo
1058 815 1107 876 illa
1127 817 1193 894 ipsa

187 920 260 981 quae
281 903 348 962 dura
365 910 394 960 et
414 900 534 962 adversa
554 900 663 961 dicturo
680 901 848 961 videbantur
865 899 994 962 secunda
1009 899 1113 960 dicenti
1128 899 1192 959 lue·
1287 941 1288 988 p

147 992 177 1044 15
186 995 258 1047 runt.
280 983 387 1046 Caesar
401 984 514 1063 quidem
527 993 632 1044 tantum
646 984 713 1044 mihi
727 984 864 1062 studium,
881 993 984 1048 tantam
999 985 1082 1044 etiam
1097 1000 1192 1044 cunam

187 1071 316 1146 (nimium
330 1079 375 1130 est
390 1072 463 1129 eninr
479 1069 576 1129 dicere
588 1067 824 1147 sollicitudinem)
842 1069 999 1147 praestitit,
1015 1077 1045 1128 ut
1059 1066 1192 1128 libertum
1287 1097 1288 1150 p

186 1173 279 1214 meum
294 1162 361 1230 post
374 1171 420 1213 me
436 1161 557 1213 stantem
573 1155 689 1232 saepius
703 1153 868 1216 admoueret
884 1154 950 1212 voci
964 1151 1104 1229 laterique
1122 1164 1238 1218 con-10
1287 1183 1288 1208 ι

186 1237 322 1316 sulerem,
339 1255 402 1297 cum
415 1255 462 1296 me
476 1236 673 1298 vehementius
693 1246 805 1315 putaret
825 1235 932 1297 intendi
949 1253 1032 1315 quarn
1046 1232 1191 1314 gracilitas
1287 1241 1288 1248 ’

99 1383 101 1389 ,
186 1339 249 1382 mee
271 1323 387 1401 perpeti
411 1330 521 1399 posset.
552 1320 712 1401 Respondit
731 1320 798 1380 milri
819 1336 872 1397 pro
891 1319 1034 1382 Marciano
1056 1316 1191 1396 Claudius
1287 1351 1288 1354 ¹

146 1411 177 1465 16
185 1404 376 1466 Marcellinus.
405 1402 511 1466 Missus
526 1405 628 1466 deinde
643 1415 757 1466 senatus
772 1414 801 1465 et
819 1413 973 1465 reuocatus
987 1406 1191 1483 inposterum:

186 1507 280 1567 neque
293 1490 366 1549 enirn
376 1489 431 1548 iam
444 1489 570 1548 inchoari
585 1499 697 1567 poterat
710 1491 796 1566 aetio,
811 1489 865 1550 nisi
878 1497 910 1549 ut
923 1489 1016 1548 noctis
1029 1489 1192 1548 interventu

146 1588 178 1642 17
188 1573 375 1634 scinderetur.
396 1571 516 1634 Postero
534 1571 579 1632 die
597 1573 666 1632 dixit
680 1591 733 1651 pro
749 1571 838 1633 llario
855 1571 967 1632 Salvius
983 1570 1132 1650 Liberalis,
1147 1574 1192 1632 vir
1200 1584 1237 1636 15
1287 1583 1288 1646 ξ

188 1657 300 1718 subtilis
325 1657 481 1735 dispositus
510 1674 578 1716 acer
605 1657 742 1726 disertus:
775 1657 803 1716 in
823 1654 872 1716 illa
891 1673 962 1718 uero
984 1674 1070 1718 causa
1091 1673 1191 1718 omnes

188 1751 265 1801 artes
286 1758 352 1802 suas
374 1740 501 1818 protulit.
533 1739 695 1819 Respondit
710 1737 862 1802 Gemellus
877 1739 991 1804 Tacitus
1013 1740 1190 1819 eloquentis-

146 1832 179 1886 18
187 1827 258 1886 sime
274 1835 314 1901 et,
329 1822 406 1902 quod
421 1825 554 1884 eximium
568 1826 686 1885 orationi
701 1827 763 1886 eius
777 1827 863 1903 inest,
880 1825 1018 1904 σεμνῶς.
1045 1824 1123 1885 Dixit
1137 1843 1191 1904 pro

186 1908 275 1968 llario
289 1927 388 1968 rursus
399 1907 505 1968 Fronto
521 1905 618 1969 Catius
628 1910 787 1987 insigniter,
805 1919 893 1988 utque
907 1911 961 1969 iarn
975 1909 1058 1970 locus
1074 1908 1124 1969 ille
1137 1926 1191 1988 po·

187 1993 305 2071 scebat,
333 1991 398 2072 plus
419 1994 447 2053 in
468 1994 604 2072 precibus
625 1995 762 2071 temporis
785 2012 867 2072 quam
885 1995 913 2053 in
935 1991 1102 2056 defensione
1122 2003 1238 2057 eon-20

186 2079 315 2156 sumpsit.
338 2075 427 2139 lluius
444 2079 585 2139 actionem
605 2096 729 2158 vespera
749 2077 881 2155 inclusit,
907 2095 964 2138 non
983 2087 1077 2143 tarneu
1096 2080 1140 2140 sie
1160 2089 1192 2139 ut

186 2162 379 2239 abrumperet.
399 2161 498 2240 ltaque
509 2164 537 2222 in
553 2164 666 2224 tertium
681 2162 755 2224 diem
769 2163 953 2242 probationes
970 2163 1109 2222 exierunt.
1132 2161 1193 2226 lam

186 2246 242 2306 hoe
257 2247 350 2324 ipsum
361 2245 510 2324 pulchrum
527 2256 556 2307 et
570 2249 724 2326 antiquum,
743 2257 870 2308 senatum
883 2255 970 2307 noete
982 2245 1082 2324 dirimi,
1097 2245 1192 2307 triduo

161 2330 303 2406 dvocari,
325 2328 418 2389 triduo
437 2331 584 2390 contineri.
606 2326 748 2391 Cornutus
763 2329 931 2408 Tertullus,
942 2329 1043 2391 consul
1059 2330 1192 2408 designa·

186 2423 249 2490 tus,
270 2415 314 2472 vir
337 2415 473 2490 egregius
489 2422 518 2473 et
532 2431 585 2492 pro
599 2415 718 2474 veritate
738 2415 930 2491 firmissimus,
953 2417 1065 2476 censuit
1082 2417 1239 2492 neptia-25

186 2506 273 2575 genta
295 2497 370 2558 milia
391 2515 464 2575 quae
484 2507 637 2576 acceperet
658 2497 763 2559 lllarius
785 2500 894 2564 aerario
914 2498 1077 2576 inferenda,
1101 2497 1192 2560 Mario

187 2581 258 2641 urbe
278 2580 677 2666 Italiaque-interdicendum,
702 2580 844 2642 llnrciano
865 2582 922 2642 hoe
942 2582 1062 2662 amplius
1081 2582 1191 2644 Africa.

187 2665 219 2725 ln
234 2666 289 2725 line
305 2666 463 2726 sententiae
478 2665 597 2742 adiecit,
619 2666 695 2744 quod
717 2684 774 2744 ego
791 2676 820 2727 et
837 2664 951 2726 Tacitus
967 2668 1091 2728 iniuncta
1104 2666 1192 2726 advo·
1287 2663 1288 2712 l

188 2751 300 2810 catione
315 2750 468 2828 diligenter
481 2758 511 2809 et
526 2749 638 2810 fortiter
652 2750 742 2811 iuncti
756 2767 903 2828 essemus,
919 2750 1046 2816 arbitrari
1063 2759 1193 2812 senatum

146 2836 225 2894 neira
238 2851 292 2894 nos
306 2833 414 2894 iecisse
429 2842 459 2894 ut
470 2834 584 2910 dignum
595 2832 729 2895 mandatis
740 2835 867 2913 partibus
878 2833 974 2895 luerit.
991 2834 1192 2898 Adsenserunt
1202 2849 1241 2904 30

188 2916 322 2978 consules
335 2917 486 2995 designati,
498 2934 597 2978 omnes
609 2919 692 2978 etiam
704 2918 869 2980 consulares
880 2937 972 2997 usque
984 2918 1019 2979 ad
1026 2917 1194 2998 Pompeium

188 2998 353 3078 Collegam:
375 3001 425 3061 ille
448 3011 478 3061 et
497 3003 678 3080 septingenta
697 3002 772 3063 milia
787 3003 897 3063 aerario
911 3002 1060 3064 inferenda
1074 3010 1103 3062 et
1116 3001 1194 3064 llar-
1287 2995 1288 3038 t

188 3087 297 3146 clauum
316 3087 346 3145 in
368 3086 587 3164 quinquennium
609 3085 810 3164 relegandum,
832 3085 950 3146 nanum
970 3086 1196 3165 repetundarum
1287 3107 1288 3122 ³

144 3177 177 3229 21
187 3186 309 3252 poenae,
325 3187 407 3248 quam
421 3171 475 3230 iam
489 3187 591 3248 passus
608 3179 703 3249 esset,
725 3172 836 3232 censuit
849 3169 1075 3249 relinquendum.
1101 3169 1195 3232 Erant
1287 3173 1288 3188 ¹

186 3255 215 3312 in
231 3263 350 3332 utraque
366 3255 507 3314 sententia
516 3253 606 3332 multi,
622 3255 747 3316 fortasse
763 3257 846 3316 etiarn
860 3253 959 3334 plures
973 3256 1003 3315 in
1014 3256 1068 3315 hac
1078 3253 1127 3314 vel
1142 3266 1243 3322 so-35

186 3336 290 3397 lutiore
303 3336 352 3398 vel
366 3337 507 3398 molliore.
534 3337 605 3400 Nam
619 3339 730 3417 quidam
744 3337 852 3400 exillis
868 3356 983 3417 quoque
999 3341 1046 3417 qui
1063 3335 1195 3401 Cornuto
1287 3353 1288 3394 ι

186 3420 353 3481 videbantur
371 3422 485 3484 adsensi
503 3422 596 3502 hune,
610 3424 658 3501 qui
671 3431 738 3502 post
751 3425 832 3501 ipsos
847 3432 1014 3500 censuerat,
1031 3421 1196 3501 sequeban-

144 3512 239 3565 tntur.
262 3505 321 3566 Sed
338 3525 401 3568 eum
412 3508 494 3568 lieret
509 3507 661 3584 discessio,
674 3507 721 3586 qui
733 3504 814 3568 sellis
826 3505 975 3568 consulum
985 3505 1153 3568 adstiteraut
1164 3509 1198 3568 in
1287 3501 1288 3542 ³
