2584 3972
404 236 663 300 EPISTULARUM
677 237 713 297 V.
735 247 760 303 t.
775 248 802 302 8.
1057 237 1099 304 97

103 386 172 456 rius:
185 387 262 450 nulla
273 391 433 451 necessitas
448 399 546 468 togae,
561 407 644 450 nemo
659 390 818 450 accersitor
831 407 868 450 ex
878 392 1023 468 proximo:
1039 392 1099 470 pla·

102 471 161 532 cida
176 473 267 533 omnia
281 482 311 534 et
328 475 518 552 quiescentia;
538 473 616 551 quod
635 475 728 553 ipsum
744 472 900 534 salubritati
919 476 1046 552 regionis
1068 486 1100 536 ut

101 556 193 634 purius
210 555 332 635 eaelum,
346 566 378 617 ut
390 563 443 617 abr
456 556 589 635 liquidior
605 557 726 619 accedit.
751 556 796 616 lbi
806 559 909 635 animo,
924 558 964 618 ibi
974 575 1099 637 corpore

100 640 215 700 mxime
229 640 326 701 vdeo.
355 638 427 701 Nam
440 641 541 701 stadis
557 642 693 718 animum,
715 650 819 702 venatu
836 659 943 720 corpus
963 660 1099 704 exerceo.

78 721 153 782 tttsi
166 740 284 802 quoque
294 741 432 803 nusquam
447 724 589 788 salubrius
604 724 724 802 degunt:
739 741 832 802 usquc
845 724 939 785 adbuc
953 734 1034 786 certe
1048 745 1144 802 resq

99 807 198 867 minen
212 825 251 868 ex
264 809 300 868 iis
315 825 389 887 quos
405 807 557 869 duxeram
569 825 683 868 menum
693 807 792 886 (veria
802 810 840 869 sit
853 809 947 887 dicto)
958 809 999 870 ibi
1007 810 1096 869 amisi.

99 888 226 952 llimodo
240 893 426 971 inposterum
437 890 572 952 boemilri
586 891 727 969 gandium,
741 891 814 952 bano
827 890 948 969 gloriam
958 891 1026 954 loco
1038 909 1098 955 ser·

99 984 173 1034 rent.
203 974 287 1036 Vale.

67 1185 94 1240 to
364 1157 392 1208 o.
412 1156 538 1209 numius
554 1155 704 1208 ounvrsto
723 1155 784 1208 suo
802 1153 828 1204 s,

156 1253 220 1318 Nec
235 1255 373 1318 heredem
389 1259 496 1319 institui
515 1277 571 1319 neo
590 1257 760 1337 praecipere
778 1274 868 1336 posse
882 1275 943 1318 rem
956 1255 1122 1337 publicam1

101 1349 220 1402 condat:
235 1341 401 1402 Samminus
416 1351 528 1420 autem,
551 1343 599 1420 qni
613 1358 666 1401 nos
681 1338 796 1421 reliquit
809 1340 944 1419 heredes,
961 1341 1098 1421 quadran·

99 1431 152 1484 tem
165 1425 208 1484 rei
222 1424 357 1504 publicae
371 1434 498 1504 nostrae,
515 1424 617 1485 deinde
631 1441 685 1504 pro
696 1423 850 1504 quadrante
864 1428 1099 1505 praeceptionem

101 1507 362 1586 quadringentormn
382 1509 486 1569 milium
501 1508 588 1570 dedit.
621 1507 699 1586 Hoc,
713 1510 738 1569 si
750 1509 796 1568 ius
811 1510 951 1588 aspicies,
973 1511 1097 1587 imitum‚

68 1592 122 1651 ltsi
135 1589 261 1652 defuncti
282 1591 472 1669 voluntatem,
494 1601 583 1652 ratum
597 1600 627 1652 et
640 1593 749 1651 minum
767 1600 823 1652 est.
853 1589 922 1652 blibi
940 1603 1033 1654 autem
1049 1592 1125 1663 deo

99 1673 181 1735 iuncti
194 1675 327 1736 voluntas
343 1676 464 1755 (vereor
479 1691 561 1755 quam
570 1676 600 1734 in
611 1686 722 1756 partem
733 1677 802 1735 iuris
814 1676 936 1737 consulti
947 1677 1024 1756 quod
1035 1694 1098 1738 sum

100 1757 218 1820 dicturus
240 1758 395 1838 accipiunt)
416 1759 638 1839 antiquior'iure
659 1769 720 1836 est,
746 1761 844 1840 utique
862 1761 891 1819 in
914 1776 951 1820 eo
966 1759 1043 1839 quod
1063 1759 1098 1820 ad

101 1859 268 1903 communem
282 1844 399 1921 patriam
409 1840 500 1903 voluit
516 1841 679 1921 pervenire.
709 1843 773 1922 dn,
794 1843 841 1902 cui
857 1842 893 1902 de
909 1859 976 1904 meo
990 1853 1123 1914 secter-3

100 1927 161 1984 tium
178 1926 339 2006 [seldecies
361 1926 485 2005 contuli,
509 1925 576 1986 huie
594 1925 863 2004 quadringentomm
882 1925 989 1986 milium
1010 1927 1097 2006 paulo

68 2009 210 2088 comptius
221 2011 335 2070 tertiam
347 2020 457 2089 partem
469 2026 506 2070 ex
516 2009 676 2069 adventicio
690 2009 831 2086 denegem
837 2005 931 2069 l'Scio
943 2019 973 2070 te
981 2026 1097 2089 quoque

101 2091 232 2154 aiudicio
249 2111 316 2154 meo
334 2111 392 2154 non
412 2093 583 2170 abhorrere,
606 2107 670 2152 cum
689 2090 807 2152 eandem
826 2091 1046 2172 rempublicam
1066 2101 1098 2153 ιιι

102 2176 163 2237 citis
185 2179 309 2256 optimus
330 2177 442 2256 diligas.
474 2175 567 2236 Velim
587 2193 677 2254 ergo,
703 2191 766 2234 cum
780 2175 908 2254 proxime
922 2174 1121 2245 decurionesc

102 2340 194 2405 deinde
218 2343 373 2422 subiungas
392 2362 445 2406 nos
469 2343 670 2425 quadringenta
688 2342 763 2402 milia
785 2341 916 2422 offerre,'
928 2344 1003 2404 sicut
1015 2362 1102 2424 prae··

69 2429 205 2506 ttoeperit
224 2429 401 2489 Saturninus.
438 2427 520 2489 Illius
538 2427 595 2488 boe
614 2443 730 2505 munus,
758 2425 834 2486 illins
853 2424 1024 2497 liberalitas;
1045 2445 1097 2488 no·

103 2517 182 2570 strum
197 2521 305 2572 tantum
321 2512 490 2592 obsequium
508 2519 638 2572 vocetur.
671 2509 750 2571 llaec
764 2527 821 2588 ogo
836 2511 965 2572 scribere
979 2510 1124 2590 publices

102 2595 261 2674 supersedi,
276 2597 410 2676 primum,
427 2594 503 2674 qnod
514 2596 694 2655 memineram
707 2611 760 2672 pro
776 2593 990 2655 necessitudine
1003 2596 1098 2655 amici·

103 2676 151 2736 tiae
170 2690 302 2758 nostrae,
332 2697 386 2759 pro
407 2677 542 2740 facultate
562 2676 730 2756 prudentiae
750 2687 817 2738 tuoe
838 2687 868 2738 et
889 2676 996 2738 debere
1017 2687 1047 2738 te
1068 2687 1099 2738 et

103 2775 183 2836 posse
196 2761 318 2842 perinde
332 2765 404 2824 meis
420 2781 454 2824 ac
468 2763 523 2823 tuis
539 2759 667 2840 partibus
684 2760 777 2838 fungi3
800 2759 920 2838 deinde,
936 2761 1001 2839 quia
1015 2778 1097 2820 vere·

71 2839 147 2902 libat
161 2863 197 2906 ne
213 2846 339 2925 modum,
354 2865 439 2926 quem
452 2845 503 2906 tibi
517 2845 547 2905 in
558 2861 692 2905 sermone
706 2841 850 2904 custodire
865 2841 950 2904 facile
972 2853 1034 2922 est,
1054 2853 1097 2905 te·

104 2925 191 2989 adore
204 2931 234 2990 in
251 2929 374 3008 epistola
387 2947 444 2990 non
459 2928 584 2989 viderer.
604 2925 676 2988 Nam
690 2943 850 2989 sermonem
858 2925 967 3006 uultus,
982 2936 1123 3006 postumo

104 3024 154 3069 ror
163 3013 226 3091 ipsa
241 3014 413 3091 moderator,
431 3012 554 3092 epistula
566 3011 695 3073 omnibus
710 3009 997 3072 commendationibus
1010 3011 1096 3073 desti-

104 3097 156 3154 tnta
169 3095 331 3174 malignitati
348 3096 591 3175 interpretantium
605 3099 766 3176 exponitur.
797 3091 879 3156 Vale.

73 3297 100 3353 ιι
296 3311 323 3366 o.
341 3309 466 3362 PLINIUS
485 3211 771 3363 ἰιιιιιᾞιῃοιιιιιοιιι
786 3309 846 3362 suo
863 3309 890 3360 s.
1051 3203 1094 3318 *L

160 3393 267 3458 Smdes
283 3405 315 3456 ut
329 3394 475 3458 historiam
492 3397 631 3475 scribam,
657 3406 688 3458 et
701 3396 806 3458 suades
826 3413 883 3457 non
896 3394 991 3456 solus:
1014 3393 1118 3456 multil

107 3469 160 3616 hup
174 3493 326 3622 ¹¹¹⁰E⁸ss⁰¹³⁰
345 3490 529 3559 monuerunt,
552 3489 659 3559 tet-ego
679 3480 766 3559 volo,
792 3497 848 3541 non
861 3480 931 3618 qni}
946 3476 1095 3538 commode

161 3579 210 3618 bllll
266 3607 274 3622 .
