2580 3970
188 243 251 307 234
490 234 523 297 Ο.
546 231 643 294 PLINI
663 229 712 290 ΕΤ
734 225 890 288 TRAIANI

188 411 303 457 suorum
316 390 383 452 mihi
400 388 529 466 reliquit;
552 404 589 446 ex
605 383 706 463 quibus
718 398 791 458 rogo
806 379 896 440 tribus
909 377 1021 437 interim
1035 377 1079 436 ius
1098 375 1195 449 Quiri-

189 480 257 540 tium
272 475 332 537 des.
362 473 474 532 Vereor
488 471 563 530 enim
581 485 619 528 ne
638 469 675 528 sit
689 464 859 526 inmodicum
875 479 928 542 pro
944 460 1072 520 omnibus
1085 461 1196 537 pariter

189 563 323 622 invocare
342 555 543 633 indulgentiam
563 559 655 629 tuam,
684 567 739 628 qua
760 547 854 608 debeo
875 553 952 606 tanto
972 541 1130 604 modestius
1151 544 1196 602 uti

189 652 293 724 quanto
309 639 468 722 pleniorem
488 636 631 714 expedor.
665 632 736 694 Sunt
758 640 852 690 antem
871 646 924 707 pro
946 626 1049 706 quihus
1071 634 1143 704 peto
1158 623 1194 686 G.

188 727 319 790 Valerius
339 724 495 798 Astraeus,
513 716 546 781 G.
567 716 698 778 Valerius
716 714 889 789 Dionysius,
905 709 939 771 G.
953 707 1083 770 Valerius
1101 710 1220 788 Aper.5

602 848 661 911 ov.
679 846 778 926 [ovs]

523 948 686 1002 maranus
703 944 808 998 annuo
826 944 853 994 s.
883 1010 887 1020 Ι

252 1058 324 1121 Gom
343 1057 544 1118 honestissime
559 1055 594 1114 iis
612 1051 660 1130 qui
678 1048 752 1128 apud
769 1047 854 1108 iidem
867 1054 944 1105 turam
959 1060 976 1102 a
991 1039 1109 1100 Valerio
1124 1039 1195 1102 Pnu-

189 1145 249 1204 lino
267 1141 392 1222 depositi
408 1150 472 1203 sunt
488 1136 648 1200 consultum
661 1132 735 1194 velis
753 1140 860 1192 mature
877 1145 930 1206 per
944 1142 1007 1202 me,
1027 1124 1063 1185 iis
1081 1124 1232 1188 interimlo
1273 1203 1274 1216 χ

190 1227 292 1306 quibus
302 1243 379 1286 nunc
388 1225 487 1303 petisti
497 1221 613 1283 dedisse
624 1236 670 1278 me
681 1219 724 1277 ius
737 1214 884 1289 Quiritium
895 1209 997 1270 referri
1007 1209 1036 1266 in
1049 1224 1195 1268 commen·
1273 1228 1274 1290 p

188 1313 276 1372 tarios
292 1327 373 1370 meos
387 1308 469 1387 iussi,
484 1307 559 1368 idem
572 1305 698 1366 iacturus
712 1301 741 1359 in
756 1298 863 1358 ceteris
880 1311 933 1374 pro
948 1290 1052 1372 quihus
1062 1293 1195 1370 petieris.

589 1435 664 1498 ovr.
684 1430 796 1513 [curn]

411 1538 439 1591 G.
453 1534 579 1589 PLINIUS
597 1530 742 1585 TRAIANO
759 1525 966 1580 IMPERATORI.
1203 1551 1232 1602 15

254 1641 399 1718 Rogatus,
420 1639 548 1715 domine,
570 1655 587 1698 a
605 1635 636 1696 Ρ.
652 1635 729 1694 Attio
742 1630 862 1711 Apulia,
884 1631 1050 1691 centurione
1067 1629 1194 1690 cohortis

190 1733 291 1787 sextae
306 1725 462 1802 equestris,
478 1730 510 1781 ut
522 1721 662 1780 mitterem
675 1717 726 1778 tibi
739 1713 868 1776 libellum
882 1731 935 1794 per
949 1731 1034 1793 quem
1044 1711 1193 1790 indulgen·

192 1812 258 1870 tiam
269 1825 323 1886 pro
339 1816 412 1869 statu
424 1805 499 1865 iliae
514 1820 582 1865 suae
594 1800 735 1879 inploret,
759 1797 858 1863 durum
871 1799 968 1876 putavi
982 1812 1107 1874 negare,
1131 1814 1194 1856 cum

192 1894 296 1954 scirem
317 1900 447 1969 quantam
465 1887 577 1950 soleres
594 1885 712 1946 militum
734 1880 871 1962 precibus
890 1881 1054 1960 patientiam
1068 1877 1193 1938 humani·

193 1986 336 2055 talemque
349 1982 507 2054 praestare.
1200 1973 1232 2025 hu

567 2085 653 2148 cvrr.
676 2080 802 2161 [curu]

527 2183 690 2235 TRAIANUS
704 2181 810 2235 PLINIO
827 2180 855 2233 S.

254 2289 392 2351 Libellum
402 2289 432 2350 Ρ.
444 2289 515 2350 Attii
526 2287 658 2365 Aquilae,
672 2286 844 2347 centmionis
857 2285 983 2346 cohortis
995 2293 1093 2346 sextae
1107 2303 1194 2364 eque·

193 2375 271 2450 stris,
288 2390 373 2451 quem
386 2372 453 2432 mihi
466 2371 577 2446 misisti,
595 2371 669 2446 legi:
686 2371 765 2429 cuius
781 2369 917 2447 precihus
933 2379 1026 2430 motus
1041 2368 1107 2429 dedi
1119 2369 1232 2430 hliaezi

193 2457 254 2516 eius
270 2455 412 2516 civitatem
432 2453 592 2514 itomanam.
623 2450 764 2512 Libellum
779 2453 918 2532 rescripti
939 2471 1025 2531 quem
1037 2452 1079 2512 illi
1092 2452 1194 2514 redde·

192 2557 240 2600 res
255 2539 318 2598 misi
332 2538 392 2598 tihi.
719 2555 725 2564 ³

562 2616 661 2680 culn.
686 2615 823 2698 [ovim]
876 2676 879 2680 .

415 2717 442 2768 G.
460 2716 583 2768 PLINIUS
600 2716 743 2768 TRAIANO
762 2717 971 2770 IMPERATORI.

170 2817 185 2870 1
257 2802 331 2877 Quid
350 2803 456 2863 habere
477 2803 545 2863 iuris
564 2801 637 2862 velis
659 2810 689 2862 et
708 2801 841 2876 Bithynas
862 2810 891 2860 et
910 2800 1042 2861 Ponticas
1064 2801 1233 2860 civitatestt

192 2887 222 2945 in
242 2886 389 2962 exigendis
413 2887 543 2965 pecuniis
569 2902 642 2962 quae
663 2883 720 2951 illis
741 2884 790 2944 vel
815 2902 853 2945 ex
877 2883 1068 2945 locationibus
1089 2881 1197 2943 velex

192 2966 401 3028 venditionibus
421 2966 522 3028 aliisve
541 2969 633 3030 causis
655 2966 811 3029 debeantur
830 2985 920 3046 rogo,
943 2966 1073 3043 domine,
1090 2967 1196 3026 rescri-

192 3051 253 3114 bas.
282 3049 347 3129 Ego
362 3051 456 3110 inveni
470 3068 488 3110 a
501 3049 649 3130 plerisque
663 3051 881 3130 proconsulibus
897 3067 1066 3112 concessam
1078 3051 1114 3110 fis
1129 3065 1196 3128 pro·

171 3136 340 3214 2topraxian
357 3151 476 3212 eamque
490 3133 623 3212 prolege
636 3134 769 3195 valuIsse.
802 3133 942 3196 Existimo
957 3143 1052 3196 tamen
1066 3141 1114 3194 tua
1128 3149 1196 3213 pro·

193 3218 317 3278 videntia
332 3217 559 3279 constituendum
573 3217 678 3298 aliquid
692 3226 721 3278 et
738 3217 936 3295 sanciendum,
960 3235 1013 3297 per
1029 3216 1106 3296 quod
1120 3214 1234 3278 utili-35

193 3301 296 3361 tatibus
318 3319 417 3362 eorum
437 3303 466 3362 in
489 3311 658 3380 perpetuum
681 3301 852 3363 consulatur.
884 3299 1051 3381 Numquae
1074 3298 1195 3361 suntab

193 3384 251 3445 illis
265 3385 406 3462 instituta,
427 3386 483 3446 sint
498 3384 568 3446 licet
587 3387 731 3463 sapienter
746 3385 869 3463 indulta,
889 3385 987 3446 brevia
1000 3393 1094 3446 tamen
1108 3391 1138 3444 et
1151 3383 1194 3441 in·

194 3469 271 3530 firma
286 3478 361 3548 sunt,
377 3470 431 3529 nisi
445 3468 502 3528 illis
517 3478 563 3529 tua
579 3468 717 3546 contingit
732 3469 896 3529 auctoritas.
