2584 3972
176 260 219 324 83
598 255 632 318 G.
654 255 751 318 amm

176 411 230 474 Est
246 409 360 490 quidem
373 410 520 470 mihinam
536 409 592 471 isto
611 418 709 470 eontra
725 426 809 488 quem
824 427 869 470 me
886 409 1008 472 advocas
1023 425 1081 470 non
1096 407 1184 486 plana

154 495 326 558 biarniliaris
347 495 399 555 aad
418 504 510 555 tamen
531 495 663 554 amicitia.
694 492 816 554 Accedit
837 494 894 554 huc
914 493 1038 573 dignitas
1058 493 1183 552 bominis

179 590 264 658 atquc
277 579 324 638 lric
336 579 401 656 ipsc
419 579 465 637 eui
481 576 638 639 destinatus
653 586 699 638 est
711 577 816 647 lronor;
835 580 917 639 ouius
927 579 1012 642 nobis
1026 577 1083 636 hoe
1093 577 1185 635 maior

177 662 306 724 habenda
322 663 483 722 reverentia
501 671 547 722 est
567 662 644 739 quod
661 663 715 720 iam
730 661 782 722 illo
798 661 888 722 iuneti
909 679 1016 723 sumus.
1046 659 1183 720 Naturale

179 757 225 808 cst
244 749 319 807 enim
338 755 421 806 ntea
442 763 515 823 quae
536 749 601 822 quis
621 744 741 823 adeptus
761 755 806 806 est
827 748 891 824 ipsc
908 764 991 825 quam
1008 743 1208 823 amplissimas

155 829 336 895 texistimari
352 828 433 888 velit.
463 828 523 888 Sed
542 829 611 888 mibi
630 831 767 906 cogitanti
787 829 946 890 adiuturum
963 847 1009 888 mc
1026 826 1136 889 Corelli
1153 827 1185 886 ll-

179 914 234 974 liae
257 915 349 974 omnia
370 913 423 973 ista
444 912 546 990 frigida
567 922 597 973 et
617 915 709 973 inania
727 913 868 974 videntur.
902 913 1078 976 Obversatur
1090 909 1184 971 oculis
1281 907 1282 926 ¹

179 997 230 1058 ille
245 999 299 1073 vir,
319 1014 376 1074 quo
392 999 532 1056 neminem
544 1005 623 1058 aetas
641 1007 737 1058 nostra
754 999 915 1074 graviorem
932 999 1105 1058 sanctiorem
1116 994 1186 1056 sub·

180 1081 305 1141 tiliorem
322 1078 401 1149 tulit;
418 1097 502 1159 quem
517 1099 574 1158 ego
590 1098 655 1140 eum
672 1099 708 1140 ex
727 1080 911 1142 admiratione
929 1080 1051 1158 diligere
1067 1080 1185 1156 coepis-

179 1182 252 1242 sem,
268 1162 344 1242 quod
360 1165 477 1224 evenire
500 1174 597 1225 eontra
611 1164 704 1242 solet,
722 1166 813 1242 magis
835 1163 985 1226 admiratus
1001 1181 1079 1241 sum,
1102 1169 1183 1241 post·
1193 1169 1228 1222 lo

156 1257 266 1326 5quam
282 1249 396 1326 penitus
418 1249 541 1326 inspexi.
572 1247 689 1327 inspexi
703 1249 778 1308 enim
795 1249 923 1326 penitus:
944 1247 1013 1307 nihil
1031 1265 1047 1306 a
1069 1264 1115 1306 me
1132 1244 1184 1305 illo

182 1341 342 1409 secretum,
358 1348 415 1392 non
430 1331 572 1408 ioculare,
590 1350 648 1392 non
662 1333 786 1410 serium,
801 1348 858 1391 non
874 1333 974 1411 triste,
996 1348 1053 1390 non
1067 1329 1183 1390 laetum.

156 1415 424 1479 blidulescen'tulus
440 1433 533 1493 eram,
560 1425 589 1476 ct
605 1420 660 1477 iam
676 1416 744 1477 milri
760 1417 795 1476 ab
814 1415 865 1475 illo
880 1416 972 1476 bonor
986 1424 1071 1493 atque
1087 1415 1184 1491 etiam,

180 1498 291 1558 audebo
308 1498 423 1576 dicere,
445 1501 606 1559 reverentia
621 1509 652 1559 ut
667 1499 960 1578 aequalibabebatur.
988 1497 1042 1558 Ille
1056 1515 1138 1558 meus
1156 1499 1185 1555 in

180 1581 313 1661 petendis
330 1581 488 1642 honoribus
503 1582 672 1660 suffragator
685 1593 714 1643 et
731 1586 824 1661 testis,
840 1582 891 1643 ille
906 1584 935 1643 in
951 1581 1118 1643 inchoandis
1135 1580 1185 1640 de·
1193 1591 1229 1645 15

181 1665 282 1726 ductor
300 1675 330 1726 et
345 1682 455 1743 comes,
468 1665 518 1726 ille
532 1667 560 1725 in
574 1667 710 1744 gerendis
723 1667 891 1728 consiliator
902 1677 932 1727 et
945 1676 1053 1743 rector,
1068 1665 1119 1725 ille
1134 1663 1184 1724 de·

181 1752 269 1828 nique
284 1751 313 1808 in
332 1750 462 1810 omnibus
481 1749 584 1811 officiis
606 1753 728 1829 nostris,
756 1768 923 1830 quamquam
940 1760 969 1810 et
986 1749 1138 1810 inbecillus
1155 1757 1185 1808 et

157 1835 294 1910 lesmor,
318 1834 400 1910 quasi
416 1834 528 1893 iuvenis
544 1843 573 1892 et
587 1833 698 1896 validus
715 1835 954 1913 conspiciebatur.
978 1833 1118 1906 Quantum
1133 1831 1185 1891 ille

182 1916 272 1976 famae
287 1934 368 1976 meae
385 1915 472 1995 domi,
490 1919 518 1975 in
534 1917 668 1995 publico,
687 1928 820 1995 quantum
836 1916 1010 1995 etiamapud
1025 1918 1186 1995 principem

158 1998 333 2066 sadstmnit!
353 1998 510 2060 Nemeum
532 2000 607 2061 forte
630 2001 665 2060 de
688 2002 770 2062 bonis
791 2002 941 2061 iuvenibus
965 2001 1040 2078 apud
1062 1999 1230 2060 usnamao

181 2087 384 2163 imperatorem
396 2101 491 2146 sermo
506 2085 655 2146 incidisset
670 2095 700 2146 et
716 2085 849 2165 plerique
865 2084 1184 2161 manumissionem,

182 2167 331 2247 paulisper
346 2187 379 2229 se
396 2170 468 2229 intra
483 2169 627 2230 silentium
643 2172 750 2247 tenuit,
772 2169 848 2247 quod
865 2167 908 2229 illi
923 2167 1073 2247 plurimum
1087 2177 1185 2228 aucto·

181 2254 272 2313 nitatis
289 2252 424 2320 addebam
448 2252 550 2312 deindo
566 2254 705 2330 gravitate
719 2270 801 2328 quam
816 2270 900 2314 noras
917 2258 1052 2314 ‘necesse
1069 2257 1126 2313 est’
1143 2253 1186 2311 in·

182 2334 251 2413 quid
273 2337 399 2412 ‘parcius
418 2334 529 2394 laudem
551 2336 730 2414 Secundum,
757 2338 823 2414 quia
843 2334 913 2396 nihil
933 2337 988 2397 nisi
1009 2355 1046 2396 ex
1061 2335 1186 2396 consilio

158 2427 248 2480 9meo
264 2417 354 2477 iacit’
383 2415 446 2489 Qua
461 2433 534 2478 voce
551 2419 649 2478 tribuit
662 2419 730 2478 mibi
748 2430 880 2499 quantum
894 2429 997 2498 petere
1009 2429 1079 2480 voto
1096 2422 1232 2478 inmo-2⁵

183 2501 275 2560 dicum
292 2510 368 2577 erat,
391 2499 463 2559 nibil
479 2518 524 2562 me
539 2501 635 2562 iacere
652 2521 710 2562 non
725 2506 944 2582 sapientissime,
961 2521 1026 2563 cum
1040 2505 1134 2564 omnia
1150 2521 1188 2562 ex

182 2583 304 2646 consilio
327 2585 529 2663 sapientissimi
545 2586 598 2644 viri
614 2585 748 2648 iacerem.
780 2586 955 2660 Quinetiam
969 2588 1095 2649 moriem
1110 2586 1186 2646 tiliae

182 2686 267 2746 suae,
292 2677 324 2728 ut
337 2669 400 2747 ipsa
415 2667 491 2730 solet
504 2668 689 2749 praedicare,
707 2671 823 2732 ‘multos
836 2671 950 2748 quidem
964 2673 1071 2732 amicos
1086 2672 1139 2731 tibi
1155 2680 1187 2730 ut

177 2753 312 2831 longiore
332 2755 390 2814 vita
406 2754 518 2831 paraui,
542 2757 715 2833 praecipuos
736 2765 829 2817 tamen
846 2753 1009 2814 Secundum
1031 2765 1061 2816 et
1075 2753 1187 2816 Corna-

141 2848 173 2900 10
182 2842 262 2896 tum?
282 2835 367 2909 Quod
382 2853 446 2895 cum
459 2838 614 2915 recordor,
634 2839 774 2918 intellego
793 2838 861 2898 mihi
881 2838 1065 2899 laborandum
1079 2858 1116 2899 ne
1132 2845 1234 2918 quattu

182 2929 263 2997 parte
284 2920 382 2980 videar
399 2919 473 2979 hano
494 2920 530 2980 de
549 2937 595 2980 me
613 2922 742 2983 fiduciam
764 2922 1008 3002 providentissimi
1028 2924 1081 2981 viri
1096 2922 1188 2984 desti·

141 3014 172 3066 11
182 3005 282 3063 tuisse.
304 3001 398 3074 Quare
411 3020 467 3080 ego
482 3021 553 3063 vero
575 3002 718 3066 Corelliae
737 3006 823 3067 adero
839 3008 1050 3085 promptissime
1068 3024 1124 3066 neo
1138 3024 1187 3067 su·

182 3086 244 3146 birc
267 3085 390 3146 offensas
407 3088 566 3149 recusabo:
591 3106 757 3169 quamquam
769 3108 826 3150 non
841 3089 934 3151 solum
947 3092 1059 3150 veniam
1073 3107 1120 3150 me
1135 3107 1188 3150 ve·

181 3187 243 3228 rum
266 3171 351 3230 etiam
364 3168 476 3230 laudem
490 3172 565 3250 apud
581 3173 666 3233 istum
685 3176 778 3253 ipsum
796 3193 812 3236 a
832 3190 909 3252 quo,
927 3183 958 3234 ut
975 3175 1034 3251 ais,
1056 3190 1132 3234 nova
1149 3173 1187 3235 lis

181 3253 306 3314 fortasse
320 3262 351 3313 ut
366 3253 488 3317 feminae
502 3257 657 3318 intenditur
670 3259 791 3320 arbitror
811 3267 1046 3335 consecuturum,
1070 3259 1094 3320 si
1114 3258 1234 3320 laneas

182 3336 283 3397 eadem
299 3338 328 3396 in
342 3339 472 3419 actione,
492 3340 578 3403 latius
594 3343 706 3404 scilicet
721 3352 751 3403 et
766 3342 883 3403 uberius
897 3359 980 3419 quam
996 3340 1189 3420 epistularum

181 3420 329 3498 angustiae
345 3423 454 3501 sinunt,
469 3424 518 3486 vel
530 3427 558 3485 in
573 3428 786 3489 excusationem
799 3424 847 3486 vel
864 3427 948 3486 etiam
963 3425 1188 3488 commendatio·

181 3520 246 3564 nem
262 3520 353 3564 meam
367 3504 475 3570 dixero.
507 3509 588 3570 Vale.
