2584 3972
177 274 239 338 130
604 271 636 334 C.
660 271 757 334 PblNl

177 427 320 488 sinistrum
340 427 486 488 brachium
513 427 671 486 firmissimo
691 441 781 504 opere
806 425 940 485 munitum
961 433 1021 501 est,
1051 424 1179 486 dextrum

136 521 170 577 16
180 511 349 572 elaboratur.
383 511 414 571 ln
429 525 480 571 ore
495 519 595 590 portus
607 508 697 570 insula
712 507 853 586 adsurgit,
876 526 949 587 qnae
964 507 1079 570 inlatam
1093 519 1178 570 vento

178 613 254 656 mare
277 595 411 656 obiacens
429 594 538 672 frangat
557 602 703 672 tutumque
724 592 758 653 ab
781 600 901 671 utroque
923 592 1012 654 latere
1028 593 1178 654 decursum

178 679 297 740 navibus
317 687 460 758 praestet,
485 675 620 755 adsurgit
630 686 723 737 antem
737 685 797 736 arte
811 674 943 738 uisenda:
970 679 1095 754 ingentia
1109 695 1179 737 saxa

178 762 313 825 latissima
332 765 411 823 navis
433 761 580 842 provehit:
604 770 701 821 contra
722 761 794 821 haec
814 758 868 821 alia
888 778 977 839 super
996 760 1050 820 clia
1068 761 1202 828 deiecta5

177 849 243 927 ipso
258 845 387 925 pondere
403 855 514 908 manent
529 863 564 906 nc
579 846 685 906 sensim
701 844 821 923 quodam
831 842 912 904 velut
926 863 1035 923 aggere
1050 853 1178 906 constm·

134 941 269 1000 luuntur.
308 929 420 990 Eminet
440 931 493 990 iam
521 938 550 990 et
578 938 696 1008 apparet
718 945 834 988 ameum
856 928 970 990 dorsum
991 931 1179 1009 mpnctosqnc

178 1015 281 1076 fluctus
297 1016 325 1073 iu
339 1016 495 1074 inmensum
511 1012 590 1075 elidit
605 1021 634 1073 ct
648 1010 732 1075 tollit.
760 1011 864 1072 Vastus
880 1012 940 1072 illic
955 1011 1052 1091 fragor
1067 1030 1179 1072 cauum·

178 1117 234 1178 quc
256 1100 332 1160 circa
354 1115 441 1158 mare.
475 1097 556 1158 Saxis
577 1095 679 1158 deinde
693 1094 770 1176 pilae
791 1095 965 1174 adicientur,
987 1115 1060 1175 quae
1075 1113 1179 1175 proce·

177 1183 262 1244 deute
283 1191 413 1261 tempore
435 1190 543 1242 enatam
563 1181 683 1243 insulam
702 1182 852 1241 imitentur.
882 1180 1003 1242 Habebit
1017 1181 1064 1241 bic
1079 1189 1179 1259 portus
1189 1188 1224 1241 lo

177 1277 207 1328 et
228 1268 284 1327 iam
304 1265 390 1326 babet
410 1283 513 1326 nomcn
535 1267 659 1328 auctoris
682 1266 792 1343 eritque
817 1263 866 1323 vel
894 1268 1014 1325 maxime
1039 1263 1178 1326 salutaris.

176 1349 247 1412 Nam
261 1368 315 1428 per
332 1349 526 1428 longissimum
547 1351 667 1428 spatium
684 1347 750 1410 litus
765 1350 962 1427 inportuosum
976 1349 1033 1410 hoc
1048 1357 1180 1427 recepta·

178 1433 244 1495 culo
257 1442 359 1494 utetur.
390 1431 471 1497 Vale.

615 1565 732 1626 XXXll.

421 1665 447 1720 G.
465 1664 590 1716 PLINIUS
608 1664 815 1724 QUINTlLlANO
833 1665 893 1718 SUO
911 1664 936 1715 S.

153 1780 167 1832 l
241 1769 374 1843 Quamvis
390 1769 498 1847 etipse
514 1769 554 1830 sis
571 1769 828 1829 continentissimus
849 1778 878 1829 et
899 1767 982 1828 filiam
996 1777 1071 1828 tuam
1085 1768 1124 1828 ita
1138 1768 1180 1828 iu·

177 1855 301 1916 stitueris
315 1861 346 1913 ut
359 1852 480 1914 decebat
496 1849 681 1930 mamiliam,
704 1850 789 1914 Tutili
802 1861 935 1931 neptem,
958 1869 1021 1912 cum
1035 1861 1128 1912 tamen
1144 1853 1181 1910 sit

176 1945 295 2015 nuptura
311 1937 512 1998 honestissimo
526 1937 601 2014 viro,
617 1934 710 1996 Nonio
727 1934 834 2014 Cclcri,
851 1939 896 1996 cui
910 1937 981 1997 ratio
999 1934 1124 1996 civilium
1136 1934 1180 1994 oi·

177 2023 304 2082 liciorum
322 2022 525 2082 necessitatem
543 2018 680 2098 quandum
700 2021 800 2081 nitoris
816 2022 940 2100 inponit,
967 2018 1054 2080 debet
1075 2036 1179 2080 secuu-
1190 2035 1227 2088 20

177 2105 242 2165 dum
260 2105 450 2166 conditionem
471 2105 561 2166 mariti
582 2111 666 2164 veste
695 2106 828 2165 concitatu
851 2105 966 2183 augeri3
999 2103 1101 2182 quibus
1121 2120 1180 2163 non

150 2189 287 2269 anaidem
303 2199 423 2266 augetur
437 2188 568 2264 dignitas,
585 2195 698 2247 ornatur
712 2196 804 2249 tamen
819 2197 848 2248 et
861 2189 1015 2249 instruitur.
1035 2185 1076 2245 Te
1091 2203 1180 2266 porro

176 2275 268 2334 ouimo
284 2272 489 2346 beatissimum,
505 2270 645 2331 modicum
660 2271 842 2338 facultatibus
857 2273 927 2332 scio.
957 2271 1056 2350 itaque
1068 2278 1181 2349 partem

177 2358 272 2416 oneris
288 2358 327 2414 tui
348 2357 414 2415 mibi
430 2352 560 2431 vindico,
584 2363 612 2414 et
630 2363 770 2434 tamquam
789 2373 892 2434 parens
908 2354 980 2417 alter
994 2353 1109 2434 puellae
1128 2371 1180 2414 no·

177 2447 252 2499 strae
281 2437 399 2498 confero
422 2437 621 2514 quinquaginta
642 2437 718 2498 milia
739 2457 893 2518 nummum,
920 2440 985 2519 plus
1011 2439 1180 2515 collaturus,
1189 2455 1222 2507 25

175 2522 229 2584 nisi
250 2539 266 2581 a
288 2518 461 2582 verecundia
482 2528 529 2581 tua
549 2520 610 2580 sola
630 2521 826 2584 mediocritate
853 2522 1010 2584 munusculi
1034 2525 1181 2602 impetrari

176 2623 265 2684 posse
278 2605 451 2668 confiderem
464 2623 502 2664 ne
515 2622 675 2666 recusares.
707 2604 787 2668 Vale.

607 2737 739 2801 xxx111.

451 2839 478 2889 o.
498 2839 621 2890 numius
639 2837 775 2889 uonnno
795 2838 854 2890 suo
871 2837 899 2894 s,
1188 2864 1226 2919 30

150 2954 167 3006 1
261 2940 377 3002 ‘Tollite
394 2947 506 3002 cuncta'
518 2941 614 3020 inquid
628 2946 821 3021 ‘coeptosquo
832 2941 942 3003 auferte
954 2939 1092 3002 laboros'

175 3023 234 3084 Seu
249 3025 353 3085 scribis
367 3023 472 3103 aliquid
486 3042 539 3086 seu
553 3024 644 3104 legis,
666 3025 727 3104 tolli
751 3025 854 3086 auferri
874 3025 941 3085 iube
956 3033 986 3086 et
999 3026 1102 3104 accipe
1117 3041 1181 3084 ora·

174 3109 281 3169 tionem
300 3125 408 3186 meam,
429 3117 459 3168 ut
473 3108 520 3169 illa
532 3127 621 3186 arma,
644 3109 764 3170 diuinam
786 3110 867 3189 (num
881 3109 1033 3188 superbius
1048 3105 1179 3187 potnil),

114 3243 117 3248 i
174 3209 207 3250 re
223 3210 307 3271 vera,
329 3201 359 3252 ut
373 3194 447 3254 inter
461 3209 554 3270 meas,
576 3193 737 3272 pulchram;
757 3211 819 3254 uam
839 3193 905 3254 milri
920 3194 988 3255 satis
1004 3201 1049 3252 est
1066 3202 1181 3253 certare

146 3283 165 3335 :a
175 3291 294 3336 mecum.
322 3275 376 3338 llst
390 3277 463 3338 hacc
483 3294 536 3356 pro
556 3276 633 3338 Attia
648 3277 772 3354 Viriola,
795 3286 824 3338 et
839 3276 974 3355 dignitate
990 3293 1133 3355 personne
1148 3283 1224 3342 etos

175 3361 299 3440 exempli
318 3363 430 3422 raritate
452 3370 480 3420 ct
500 3359 596 3422 iudicii
616 3360 807 3440 magnitudine
828 3362 956 3440 insignis.
987 3358 1059 3422 Nam
1072 3360 1181 3422 lomina

174 3442 324 3522 splendide
336 3453 409 3521 nata,
426 3454 513 3524 napta
527 3447 671 3525 praetorio
685 3447 764 3522 viro,
782 3445 956 3508 exheredata
970 3445 1006 3506 ab
1022 3453 1180 3521 octogena·

172 3531 216 3590 rio
231 3539 312 3610 patre
328 3531 399 3592 intra
414 3529 543 3590 undecim
559 3528 620 3590 dios
643 3548 725 3612 qnam
738 3529 779 3590 illi
794 3548 948 3592 novercam
963 3547 1059 3592 amore
1075 3537 1180 3608 captus

1189 1613 1222 1666 15
