2604 3972
157 225 218 288 los
584 219 615 283 G.
639 218 735 280 PLINI

154 377 234 438 nisse
248 375 351 452 liceat,
372 374 424 438 luit
441 373 520 433 nulla
534 391 586 433 sua
601 370 702 451 culpa,
719 363 818 432 aetatis
830 371 933 449 aliqua.
960 370 1029 431 lnde
1045 370 1164 435 abortus

130 469 186 527 act
201 459 322 536 ignorati
337 458 504 520 nteritriste
520 456 753 535 experimentum.
776 454 916 532 Proinde,
929 456 984 516 etsi
998 472 1055 515 non
1070 457 1162 516 conti·

155 543 198 622 git
212 542 262 602 tibi
277 542 449 603 desiderium
464 540 557 600 fratris
572 539 668 600 amissi
682 546 728 598 aut
740 548 847 617 nepote
865 540 927 600 eius
944 548 991 599 aut
1008 549 1096 618 nepte
1111 557 1161 600 sc·

155 626 224 704 lari,
247 634 390 686 memento
401 634 494 686 tamen
510 622 624 683 dilatum
639 623 728 700 magis
742 621 818 682 istud
830 640 913 700 quam
928 632 1079 700 negatum,
1096 640 1161 683 cum

156 709 235 771 salva
249 711 285 770 sit
300 727 337 769 en
353 727 407 786 qua
422 707 531 786 sperari
545 715 660 785 potest..
673 705 762 765 Simul
776 723 884 766 excusa
900 707 972 785 patri
987 716 1035 767 tuo
1052 723 1190 786 casum,5

156 793 202 854 cui
216 793 339 871 paratior
349 791 424 871 apud
439 789 557 850 feminas
573 789 665 850 venia.
697 787 778 850 Vale.

666 920 689 981 1.
836 973 838 976 .

420 1021 446 1073 Ο.
468 1019 593 1073 PLINIUS
610 921 777 1071 mffrEIcrnuo
796 1017 857 1070 SUO
874 1016 901 1068 S.

131 1146 147 1197 l
218 1123 300 1184 lluno
316 1123 409 1184 solum
425 1123 500 1184 diem
517 1139 635 1184 excuso.
656 1121 836 1182 Recitaturus
852 1129 898 1181 est
912 1119 1029 1182 Titinius
1045 1120 1206 1203 Gapito,1o

156 1226 241 1289 quem
263 1225 321 1286 ego
346 1207 443 1268 audire
464 1207 564 1268 nescio
585 1207 674 1284 magis
698 1205 818 1267 debeam
838 1223 873 1266 an
894 1207 1015 1285 cupiam.
1044 1204 1095 1266 Vir
1113 1217 1162 1268 est

154 1293 278 1374 optimus
293 1301 323 1353 et
332 1293 405 1353 inter
414 1291 568 1370 praecipua
575 1289 685 1352 saeculi
697 1297 860 1350 ornamenta
871 1288 1074 1351 numerandus:
1090 1290 1163 1352 colit

155 1377 257 1454 studia,
273 1375 417 1436 studiosos
427 1385 510 1453 amat,
525 1375 615 1452 fovet,
629 1373 773 1453 provebit,
788 1371 997 1452 multorumque
1008 1375 1055 1452 qui
1066 1373 1162 1453 aliqua

156 1469 322 1538 conponunt
336 1469 436 1538 portus
452 1459 529 1518 sinus
546 1459 717 1537 praemium,
742 1457 865 1517 omnium
881 1455 1060 1537 exemplum,
1083 1461 1160 1537 ipsa·

154 1563 216 1603 mm
237 1543 359 1622 denique
375 1542 530 1602 litterarum
552 1543 606 1601 iarn
628 1540 840 1602 senescentium
859 1539 993 1601 reductor
1013 1559 1048 1601 ac
1068 1541 1202 1608 rator-lt
1291 1527 1294 1552 ⁴

128 1637 254 1695 amator.
277 1625 399 1685 Domum
413 1641 492 1688 suam
506 1623 691 1686 recitantibus
707 1623 843 1703 praebet,
865 1624 1001 1685 auditoria
1014 1643 1071 1686 non
1085 1626 1162 1706 apud

155 1730 189 1773 se
203 1717 310 1772 tantum
328 1709 502 1786 benignitate
517 1709 586 1768 mira
600 1707 776 1787 frequentat3
800 1706 867 1767 mibi
882 1718 976 1786 certa,
992 1708 1018 1768 si
1033 1709 1117 1770 modo
1132 1710 1162 1770 iu

68 1852 74 1863 ,
155 1795 237 1872 urbe,
251 1793 340 1854 deluit
350 1810 507 1873 numquam.
531 1791 619 1853 Porro
629 1801 707 1852 tanto
719 1793 828 1869 turpius
840 1792 956 1870 gratiam
967 1810 1025 1854 non
1036 1793 1160 1873 referre,

129 1886 263 1957 aquanto
277 1877 426 1938 honestior
440 1893 526 1937 causa
540 1875 718 1937 referendae.
746 1875 802 1953 Aa,
820 1876 845 1934 si
860 1875 956 1936 litibus
971 1886 1092 1956 tenerer,
1109 1878 1160 1938 ob·

156 1964 284 2023 strictum
299 1980 366 2022 esse
379 1979 424 2021 me
441 1960 589 2021 crederem
603 1960 718 2020 obeunti
731 1959 889 2020 vadimonia
902 1978 976 2038 mea,
992 1978 1077 2040 nunc,
1093 1962 1159 2041 quia
1168 1973 1205 2026 20

154 2045 221 2105 mibi
242 2063 324 2108 omne
350 2045 514 2123 negotium,
540 2045 631 2105 omnis
652 2045 680 2102 in
700 2044 800 2105 studiis
820 2060 903 2122 cura,
932 2045 1022 2105 minus
1044 2044 1161 2124 obligor

153 2138 229 2191 tanta
243 2129 394 2190 sedulitate
411 2127 566 2190 celebranti
583 2129 611 2188 in
627 2145 684 2207 qno
700 2127 820 2206 obligari
836 2143 904 2205 ego,
922 2147 959 2188 ne
974 2128 1064 2188 dicam
1081 2129 1159 2206 solo,

129 2223 238 2277 laerte
252 2215 371 2273 manime
387 2209 525 2290 possum?
548 2211 633 2285 Quod
649 2212 673 2270 si
687 2211 729 2271 illi
745 2211 850 2271 nullam
865 2213 969 2290 vicem,
986 2210 1063 2273 nulla
1079 2216 1160 2292 quasi

155 2306 249 2356 mutua
264 2296 358 2357 officia
372 2296 525 2374 deberem,
546 2295 718 2357 sollicitarer
736 2306 829 2356 tamen
845 2294 894 2355 vel
909 2296 1023 2374 ingenie
1038 2295 1159 2358 bominis

155 2378 348 2458 pulcherrimo
366 2388 395 2438 et
406 2380 526 2440 maximo
547 2388 576 2438 et
593 2379 621 2438 in
638 2396 745 2438 summa
759 2380 913 2440 severitate
932 2379 1095 2441 dulcissimo
1109 2380 1204 2452 velas

154 2463 306 2524 honestate
324 2463 468 2522 materiae.
500 2461 606 2522 Scribit
624 2463 716 2523 exitus
730 2461 888 2523 inlustrium
904 2464 1044 2543 viromm,
1066 2466 1095 2524 in
1114 2465 1159 2526 his

130 2545 335 2626 equorundam
346 2545 412 2606 mibi
429 2546 645 2606 carissimorum.
669 2544 777 2607 Videor
788 2565 859 2626 ergo
871 2546 951 2624 iungi
967 2549 1014 2626 pio
1029 2565 1159 2626 munere,

155 2648 332 2710 quorumque
350 2630 501 2709 exsequias
516 2629 666 2690 celebrare
682 2647 739 2690 non
752 2629 848 2708 licuit,
866 2629 966 2690 borum
982 2634 1062 2711 quasi
1076 2632 1160 2692 fune-

155 2715 252 2778 bribus
267 2714 490 2793 laudationibus,
513 2714 586 2776 seris
603 2714 717 2792 quidem
737 2714 790 2776 sod
809 2723 887 2775 tanto
905 2717 995 2794 magis
1018 2716 1094 2776 reris
1117 2717 1159 2776 in·

153 2805 276 2860 teresse.
306 2797 387 2859 Vale.
1167 2813 1204 2869 30

617 2928 696 2990 Xlll.

436 3027 463 3082 e.
482 3027 606 3079 rnrurus
626 3029 758 3080 cnutum
773 3028 833 3082 suo
851 3029 878 3080 a.

129 3143 146 3198 1
218 3126 313 3190 Probo
329 3127 405 3207 quod
418 3127 536 3191 libellos
556 3148 637 3193 meos
661 3149 724 3191 cum
740 3141 821 3211 patre
842 3131 948 3214 legisti.
981 3131 1109 3195 Pertinet
1124 3132 1160 3193 ad

154 3212 316 3294 proiectum
337 3221 414 3272 tuum
431 3231 447 3273 a
470 3213 656 3277 disertissimo
676 3218 737 3277 viro
758 3216 871 3277 discere
893 3215 961 3294 quid
980 3214 1204 3296 laudandum‚3t

156 3296 224 3378 quid
243 3297 526 3377 reprehendendum,
552 3300 634 3361 simul
655 3301 692 3362 ita
712 3300 819 3360 institui
839 3309 870 3360 ut
883 3318 982 3370 verum
996 3299 1094 3363 dicere
1110 3299 1158 3360 ad·

128 3393 285 3447 tumescas.
313 3380 402 3443 Vides
418 3400 502 3462 quem
517 3383 616 3464 sequi,
639 3385 718 3444 cuius
734 3384 841 3444 debeas
853 3383 965 3463 inplere
980 3385 1110 3462 vestigia.
1133 3381 1159 3444 0

156 3476 188 3528 te-
208 3464 335 3527 beatum!
365 3465 410 3526 oui
435 3467 555 3543 contigit
574 3469 668 3528 vivum
688 3468 780 3548 adque
804 3467 879 3528 idem
894 3469 1028 3548 optimum
1046 3477 1075 3529 et
1090 3483 1160 3530 con·
