2604 3972
169 205 233 267 200
446 202 479 266 U.
503 202 601 264 PLINI
621 202 671 263 ET
694 201 850 264 TRAIANI

168 367 229 417 tum
250 356 501 418 commendatIonis
521 373 705 418 accessurum
725 357 807 417 etiam
830 373 867 416 ex
886 357 959 418 mels
979 357 1116 436 precibus
1132 358 1177 418 iu·

144 440 335 518 odulgentiae
349 451 415 502 tuae
430 440 528 503 credo.
551 439 636 518 llogo
649 457 733 518 ergo,
749 439 872 517 domine,
888 449 919 500 ut
929 457 976 501 me
992 443 1174 519 exoptatissi-

170 542 233 584 mae
247 525 315 584 mihi
329 525 524 604 gratulationis
546 533 700 603 conpotem
721 524 808 584 facias
824 533 854 584 et
868 524 1014 602 honestis,
1030 533 1060 584 ut
1073 541 1173 604 spero,
1280 581 1281 596 ,

171 608 332 671 adfectibus
353 611 425 671 meis
445 616 577 688 praestes
603 616 634 667 ut
653 624 709 668 non
736 609 830 668 inme
853 609 958 669 tanturn
977 625 1075 669 verum
1096 617 1125 670 et
1145 609 1175 668 in

170 694 261 754 amico
274 693 392 771 gloriari
406 691 517 754 iuddciis
532 694 587 753 tude
601 693 743 771 possim·
1181 702 1200 756 5

398 924 425 976 U.
444 924 569 976 PLINIUS
587 823 955 976 aNAllllUllmeumnuom.

145 1046 160 1097 1
230 1027 362 1090 Proximo
377 1045 462 1106 anuo,
479 1026 602 1103 domiue,
619 1028 785 1104 gravissima
797 1027 950 1088 valitudine
966 1046 1059 1108 usque
1074 1026 1110 1088 ad
1164 1059 1175 1071 ·

170 1112 290 1174 riculum
303 1114 379 1173 vitae
394 1119 526 1189 vexatus,
539 1109 700 1190 iatralipten
715 1111 873 1191 adsumpsi;
895 1114 976 1172 cuius
991 1045 1175 1174 sollicitudini
1184 1125 1217 1177 10

171 1209 201 1258 et
223 1197 316 1258 studio
333 1203 399 1257 tuae
420 1204 526 1257 tantum
550 1194 742 1274 indulgentiae
762 1196 904 1257 beneflcio
926 1195 1037 1256 reierre
1057 1196 1176 1273 gratiam

145 1295 270 1361 tparem
290 1297 419 1362 possum.
447 1279 542 1354 Quare
562 1294 635 1357 rogo
656 1279 708 1341 des
729 1281 756 1340 ei
772 1281 913 1342 civitatem
926 1278 1088 1342 Romanam.
1122 1277 1176 1340 Est
1283 1304 1284 1340 ι

172 1367 248 1426 enlm
261 1367 432 1445 peregrinae
449 1363 636 1442 conditionis,
653 1365 841 1426 manumissus
857 1383 873 1425 a
887 1365 1051 1443 peregrina.
1082 1362 1176 1424 Voca·
1283 1361 1284 1368 ’

171 1459 218 1510 tur
242 1451 307 1526 ipse
333 1447 511 1527 llarpocras,
537 1457 683 1528 patronam
708 1447 804 1509 habuit
830 1446 1012 1508 Thermuthin
1037 1445 1174 1523 Theonis,

172 1549 244 1611 quae
264 1533 318 1591 iam
339 1531 449 1610 pridem
465 1530 598 1592 defuncta
615 1540 668 1591 est.
699 1530 772 1592 Item
790 1548 863 1609 rogo
884 1531 936 1593 des
957 1533 1002 1592 ius
1024 1528 1175 1604 Quiritium
1185 1535 1216 1591 lt

169 1615 280 1676 libertis
296 1615 437 1676 Antoniae
451 1613 639 1692 Maximillae,
656 1617 850 1676 ornatissimae
864 1615 1002 1693 laminae,
1023 1613 1132 1675 Hediae
1148 1623 1178 1674 et
1284 1638 1285 1678 ι

170 1699 311 1761 Antoniae
326 1697 499 1767 Harmeridi;
514 1698 591 1777 quod
605 1705 664 1757 ate
679 1706 797 1777 petente
813 1707 928 1778 patrona
943 1707 1021 1779 peto.

577 1828 625 1891 vr.
648 1831 762 1910 [xxun

392 1929 420 1982 0.
437 1928 562 1982 PLINIUS
580 1929 725 1983 TRAIANO
741 1929 948 1982 IMPERATORI.
1184 1960 1219 2013 20

1285 1972 1286 2004 l

148 2044 162 2096 1
233 2030 300 2108 Ago
314 2030 431 2107 gratias,
448 2029 577 2109 domine,
595 2031 671 2110 quod
683 2041 713 2092 et
727 2031 771 2092 ius
787 2028 935 2104 Quiritium
950 2027 1060 2090 libertis
1074 2046 1177 2090 neces·

171 2117 262 2177 sariae
282 2113 350 2174 milri
370 2114 492 2175 laminae
515 2123 545 2174 et
560 2116 703 2176 civitatem
717 2113 870 2175 Romanam
884 2112 1071 2192 Harpocrati,
1094 2113 1177 2174 iatra-

168 2199 258 2278 liptae
274 2215 356 2274 meo,
379 2200 440 2258 siue
455 2214 534 2258 mora
548 2198 701 2261 indulsisti.
729 2198 788 2259 Sed
802 2215 866 2258 cum
881 2213 969 2258 annos
985 2199 1048 2258 eius
1063 2206 1094 2259 et
1109 2215 1177 2259 cen·

169 2301 242 2361 sum,
259 2283 334 2343 sicut
345 2298 551 2361 praeceperas,
570 2281 697 2361 ederem,
712 2282 870 2344 admonitus
885 2299 946 2343 sum
960 2298 976 2342 a
991 2282 1177 2361 peritioribus

170 2366 306 2426 debuIsse
323 2381 369 2424 me
384 2372 449 2424 ante
463 2367 490 2423 ei
503 2363 721 2427 Alexandrinam
737 2368 880 2428 civitatem
893 2368 1055 2446 iupetrare‚
1071 2364 1175 2427 deiude
1184 2376 1218 2428 25

142 2449 343 2525 strenarum,
362 2448 492 2528 quoniam
511 2458 591 2510 esset
603 2448 776 2527 Aegyptius.
808 2449 873 2528 Ego
888 2459 999 2529 autem,
1020 2452 1086 2529 quia
1103 2451 1178 2510 iuter

169 2533 334 2612 Aegyptios
362 2540 535 2610 ceterosque
559 2534 730 2613 peregrinos
750 2533 819 2593 nihil
844 2537 986 2596 interesse
1012 2533 1176 2611 credebam,

170 2625 321 2679 contentus
343 2615 452 2677 iueram
472 2615 530 2676 hoc
550 2616 643 2679 solum
658 2618 787 2678 scribere
801 2619 864 2697 tibi,
880 2635 945 2680 cum
960 2616 1075 2680 seilicet
1091 2635 1108 2678 a
1125 2634 1176 2695 pe·

168 2704 282 2781 regrina
296 2703 495 2763 manumissum
510 2710 714 2782 patronamque
731 2703 795 2764 eius
810 2703 864 2762 lam
876 2701 986 2781 pridem
998 2701 1175 2762 decessisse.

167 2785 213 2848 Ue
228 2805 283 2866 qua
301 2787 461 2864 ignorantia
473 2803 536 2847 mea
552 2805 610 2848 non
625 2804 741 2865 queror,
757 2804 907 2867 perquam
921 2786 1002 2848 stetit
1017 2793 1048 2845 ut
1059 2785 1111 2845 tibi
1122 2791 1220 2864 prodo

168 2870 272 2932 eodem
292 2869 406 2930 hombure
427 2871 543 2948 saepius
564 2870 720 2948 obligarer.
752 2869 837 2949 llogo
851 2872 965 2950 itaque,
986 2878 1017 2930 ut
1032 2869 1176 2932 beuelicio

167 2964 217 3016 tuo
232 2954 361 3032 legitime
378 2953 434 3014 irui
449 2955 572 3032 possIm,
589 2955 695 3016 tribuas
712 2956 740 3016 ei
755 2964 785 3016 et
799 2954 1016 3018 Alexandrinam
1033 2955 1177 3014 civitatem

168 3048 198 3099 et
211 3036 373 3098 Romanam.
395 3035 492 3097 Annos
508 3040 570 3099 eius
587 3048 617 3099 et
631 3057 760 3117 censum,
776 3058 813 3099 ne
829 3038 897 3118 quid
911 3056 1009 3100 rursus
1026 3036 1176 3116 indulgen-

169 3123 237 3184 dam
254 3132 329 3184 tuam
342 3131 509 3201 moraretur,
525 3122 638 3186 libertis
654 3125 711 3186 tals
729 3125 833 3203 quihus
850 3125 976 3186 iusseras
992 3123 1065 3182 misi.

568 3257 776 3336 ιιιιιιιιιιιι
1184 3213 1219 3269 ³⁵

503 3355 669 3410 TRAIANUS
687 3355 792 3408 PLINIO
812 3355 839 3410 S.

228 3454 379 3520 curiatam
392 3457 611 3521 Alexandriuam
626 3458 782 3522 secundum
796 3459 1001 3520 institutIonem
1016 3457 1177 3537 principum
