<?xml version="1.0" encoding="UTF-8"?>
<!DOCTYPE html PUBLIC "-//W3C//DTD XHTML 1.0 Transitional//EN"
    "http://www.w3.org/TR/xhtml1/DTD/xhtml1-transitional.dtd">
<html xmlns="http://www.w3.org/1999/xhtml" xml:lang="en" lang="en">
 <head>
  <title>
</title>
<meta http-equiv="Content-Type" content="text/html;charset=utf-8" />
  <meta name='ocr-system' content='tesseract 3.04.00' />
  <meta name='ocr-capabilities' content='ocr_page ocr_carea ocr_par ocr_line ocrx_word'/>
</head>
<body>
  <div class='ocr_page' id='page_1' title='image "./cplinicaecilise05plingoog_0180.png"; bbox 0 0 2604 3972; ppageno 0'>
   <div class='ocr_carea' id='block_1_1' title="bbox 412 221 1144 310">
    <p class='ocr_par' dir='ltr' id='par_1_1' title="bbox 412 221 1144 310">
     <span class='ocr_line' id='line_1_1' title="bbox 412 221 1144 310; baseline 0.005 -4"><span class='ocrx_word' id='word_1_1' title='bbox 412 243 672 306; x_wconf 81' lang='lat' dir='ltr'><strong>srrsrumnon</strong></span> <span class='ocrx_word' id='word_1_2' title='bbox 686 245 748 306; x_wconf 88' lang='lat' dir='ltr'><strong>vu.</strong></span> <span class='ocrx_word' id='word_1_3' title='bbox 768 256 810 310; x_wconf 77' lang='lat' dir='ltr'><strong>se.</strong></span> <span class='ocrx_word' id='word_1_4' title='bbox 823 254 867 309; x_wconf 81' lang='lat' dir='ltr'><strong>sr.</strong></span> <span class='ocrx_word' id='word_1_5' title='bbox 907 221 914 237; x_wconf 69' lang='grc'><em>“</em></span> <span class='ocrx_word' id='word_1_6' title='bbox 1083 245 1144 310; x_wconf 84' lang='lat'><strong>149</strong></span> 
     </span>
    </p>
   </div>
   <div class='ocr_carea' id='block_1_2' title="bbox 84 396 1172 3574">
    <p class='ocr_par' dir='ltr' id='par_1_2' title="bbox 84 396 1172 3574">
     <span class='ocr_line' id='line_1_2' title="bbox 137 396 1143 478; baseline 0.002 -20"><span class='ocrx_word' id='word_1_7' title='bbox 137 397 200 458; x_wconf 89' lang='lat' dir='ltr'><strong>dior</strong></span> <span class='ocrx_word' id='word_1_8' title='bbox 214 396 433 476; x_wconf 88' lang='lat' dir='ltr'><strong>pulchriorque:</strong></span> <span class='ocrx_word' id='word_1_9' title='bbox 458 397 612 477; x_wconf 89' lang='lat' dir='ltr'><strong>perterrito</strong></span> <span class='ocrx_word' id='word_1_10' title='bbox 623 396 748 458; x_wconf 77' lang='lat' dir='ltr'><strong>Africam</strong></span> <span class='ocrx_word' id='word_1_11' title='bbox 762 416 812 473; x_wconf 90' lang='lat' dir='ltr'><strong>se,</strong></span> <span class='ocrx_word' id='word_1_12' title='bbox 834 397 991 457; x_wconf 80' lang='lat' dir='ltr'><strong>futurorum</strong></span> <span class='ocrx_word' id='word_1_13' title='bbox 1005 417 1143 478; x_wconf 88' lang='lat' dir='ltr'><strong>praenun-</strong></span> 
     </span>
     <span class='ocr_line' id='line_1_3' title="bbox 136 479 1143 562; baseline 0.003 -20"><span class='ocrx_word' id='word_1_14' title='bbox 136 485 220 560; x_wconf 74' lang='lat' dir='ltr'><strong>tiam,</strong></span> <span class='ocrx_word' id='word_1_15' title='bbox 243 481 325 550; x_wconf 81' lang='lat' dir='ltr'><strong>dixit:</strong></span> <span class='ocrx_word' id='word_1_16' title='bbox 351 481 453 541; x_wconf 87' lang='lat' dir='ltr'><strong>iturum</strong></span> <span class='ocrx_word' id='word_1_17' title='bbox 474 482 548 541; x_wconf 91' lang='lat' dir='ltr'><strong>enim</strong></span> <span class='ocrx_word' id='word_1_18' title='bbox 563 479 681 542; x_wconf 80' lang='lat' dir='ltr'><strong>Romam</strong></span> <span class='ocrx_word' id='word_1_19' title='bbox 693 481 875 562; x_wconf 77' lang='lat' dir='ltr'><strong>honoresque</strong></span> <span class='ocrx_word' id='word_1_20' title='bbox 888 489 1037 559; x_wconf 84' lang='lat' dir='ltr'><strong>gesturum</strong></span> <span class='ocrx_word' id='word_1_21' title='bbox 1050 483 1143 562; x_wconf 92' lang='lat' dir='ltr'><strong>adque</strong></span> 
     </span>
     <span class='ocr_line' id='line_1_4' title="bbox 137 565 1141 644; baseline 0.001 -18"><span class='ocrx_word' id='word_1_22' title='bbox 137 567 221 626; x_wconf 92' lang='lat' dir='ltr'><strong>ctiam</strong></span> <span class='ocrx_word' id='word_1_23' title='bbox 243 582 307 625; x_wconf 90' lang='lat' dir='ltr'><strong>cum</strong></span> <span class='ocrx_word' id='word_1_24' title='bbox 326 581 435 624; x_wconf 87' lang='lat' dir='ltr'><strong>summo</strong></span> <span class='ocrx_word' id='word_1_25' title='bbox 456 565 575 644; x_wconf 90' lang='lat' dir='ltr'><strong>imperio</strong></span> <span class='ocrx_word' id='word_1_26' title='bbox 595 567 623 624; x_wconf 92' lang='lat' dir='ltr'><strong>in</strong></span> <span class='ocrx_word' id='word_1_27' title='bbox 638 565 756 625; x_wconf 87' lang='lat' dir='ltr'><strong>eandem</strong></span> <span class='ocrx_word' id='word_1_28' title='bbox 771 566 945 644; x_wconf 83' lang='lat' dir='ltr'><strong>provinciam</strong></span> <span class='ocrx_word' id='word_1_29' title='bbox 959 582 1141 627; x_wconf 86' lang='lat' dir='ltr'><strong>reversurum</strong></span> 
     </span>
     <span class='ocr_line' id='line_1_5' title="bbox 135 647 1168 727; baseline 0.002 -18"><span class='ocrx_word' id='word_1_30' title='bbox 135 651 234 727; x_wconf 81' lang='lat' dir='ltr'><strong>ibique</strong></span> <span class='ocrx_word' id='word_1_31' title='bbox 249 649 421 710; x_wconf 87' lang='lat' dir='ltr'><strong>moriturum.</strong></span> <span class='ocrx_word' id='word_1_32' title='bbox 443 647 530 709; x_wconf 85' lang='lat' dir='ltr'><strong>Facta</strong></span> <span class='ocrx_word' id='word_1_33' title='bbox 540 657 605 708; x_wconf 89' lang='lat' dir='ltr'><strong>sunt</strong></span> <span class='ocrx_word' id='word_1_34' title='bbox 620 649 722 710; x_wconf 91' lang='lat' dir='ltr'><strong>omnia.</strong></span> <span class='ocrx_word' id='word_1_35' title='bbox 744 648 895 710; x_wconf 82' lang='lat' dir='ltr'><strong>Praeterea</strong></span> <span class='ocrx_word' id='word_1_36' title='bbox 910 649 1059 710; x_wconf 77' lang='lat' dir='ltr'><strong>accedenti</strong></span> <span class='ocrx_word' id='word_1_37' title='bbox 1074 647 1168 720; x_wconf 80' lang='lat' dir='ltr'><strong>Car-3</strong></span> 
     </span>
     <span class='ocr_line' id='line_1_6' title="bbox 108 731 1141 810; baseline 0.001 -17"><span class='ocrx_word' id='word_1_38' title='bbox 108 733 278 810; x_wconf 73' lang='lat' dir='ltr'><strong>sthaginetn</strong></span> <span class='ocrx_word' id='word_1_39' title='bbox 293 731 510 810; x_wconf 83' lang='lat' dir='ltr'><strong>egredientique</strong></span> <span class='ocrx_word' id='word_1_40' title='bbox 527 749 600 792; x_wconf 87' lang='lat' dir='ltr'><strong>nave</strong></span> <span class='ocrx_word' id='word_1_41' title='bbox 615 733 715 794; x_wconf 89' lang='lat' dir='ltr'><strong>eadem</strong></span> <span class='ocrx_word' id='word_1_42' title='bbox 733 733 822 810; x_wconf 88' lang='lat' dir='ltr'><strong>ligura</strong></span> <span class='ocrx_word' id='word_1_43' title='bbox 836 735 865 793; x_wconf 92' lang='lat' dir='ltr'><strong>in</strong></span> <span class='ocrx_word' id='word_1_44' title='bbox 877 733 962 794; x_wconf 88' lang='lat' dir='ltr'><strong>litore</strong></span> <span class='ocrx_word' id='word_1_45' title='bbox 978 735 1141 794; x_wconf 90' lang='lat' dir='ltr'><strong>occurrisse</strong></span> 
     </span>
     <span class='ocr_line' id='line_1_7' title="bbox 135 813 1140 896; baseline 0.002 -20"><span class='ocrx_word' id='word_1_46' title='bbox 135 825 270 876; x_wconf 82' lang='lat' dir='ltr'><strong>canatur.</strong></span> <span class='ocrx_word' id='word_1_47' title='bbox 303 813 371 895; x_wconf 89' lang='lat' dir='ltr'><strong>lpse</strong></span> <span class='ocrx_word' id='word_1_48' title='bbox 388 825 467 876; x_wconf 89' lang='lat' dir='ltr'><strong>certe</strong></span> <span class='ocrx_word' id='word_1_49' title='bbox 483 816 629 894; x_wconf 88' lang='lat' dir='ltr'><strong>inplicitus</strong></span> <span class='ocrx_word' id='word_1_50' title='bbox 649 816 769 894; x_wconf 91' lang='lat' dir='ltr'><strong>morbo,</strong></span> <span class='ocrx_word' id='word_1_51' title='bbox 796 817 888 878; x_wconf 87' lang='lat' dir='ltr'><strong>lutura</strong></span> <span class='ocrx_word' id='word_1_52' title='bbox 902 819 1076 896; x_wconf 85' lang='lat' dir='ltr'><strong>praeteritis,</strong></span> <span class='ocrx_word' id='word_1_53' title='bbox 1092 818 1140 878; x_wconf 84' lang='lat' dir='ltr'><strong>ad-</strong></span> 
     </span>
     <span class='ocr_line' id='line_1_8' title="bbox 134 899 1139 980; baseline 0.003 -21"><span class='ocrx_word' id='word_1_54' title='bbox 134 917 220 960; x_wconf 87' lang='lat' dir='ltr'><strong>versa</strong></span> <span class='ocrx_word' id='word_1_55' title='bbox 239 899 373 960; x_wconf 85' lang='lat' dir='ltr'><strong>secundis</strong></span> <span class='ocrx_word' id='word_1_56' title='bbox 394 909 564 978; x_wconf 71' lang='lat' dir='ltr'><strong>auguratus,</strong></span> <span class='ocrx_word' id='word_1_57' title='bbox 585 917 668 980; x_wconf 88' lang='lat' dir='ltr'><strong>spem</strong></span> <span class='ocrx_word' id='word_1_58' title='bbox 688 900 787 963; x_wconf 86' lang='lat' dir='ltr'><strong>salutis</strong></span> <span class='ocrx_word' id='word_1_59' title='bbox 808 899 886 962; x_wconf 90' lang='lat' dir='ltr'><strong>nullo</strong></span> <span class='ocrx_word' id='word_1_60' title='bbox 903 918 1019 962; x_wconf 89' lang='lat' dir='ltr'><strong>suorum</strong></span> <span class='ocrx_word' id='word_1_61' title='bbox 1034 901 1139 980; x_wconf 87' lang='lat' dir='ltr'><strong>despe-</strong></span> 
     </span>
     <span class='ocr_line' id='line_1_9' title="bbox 133 982 1164 1063; baseline 0.007 -19"><span class='ocrx_word' id='word_1_62' title='bbox 133 993 215 1044; x_wconf 80' lang='lat' dir='ltr'><strong>rante</strong></span> <span class='ocrx_word' id='word_1_63' title='bbox 238 983 368 1061; x_wconf 89' lang='lat' dir='ltr'><strong>proiecit.</strong></span> <span class='ocrx_word' id='word_1_64' title='bbox 402 982 460 1043; x_wconf 86' lang='lat' dir='ltr'><strong>lam</strong></span> <span class='ocrx_word' id='word_1_65' title='bbox 479 982 550 1044; x_wconf 93' lang='lat' dir='ltr'><strong>illud</strong></span> <span class='ocrx_word' id='word_1_66' title='bbox 566 1000 661 1045; x_wconf 90' lang='lat' dir='ltr'><strong>nonne</strong></span> <span class='ocrx_word' id='word_1_67' title='bbox 681 993 712 1045; x_wconf 90' lang='lat' dir='ltr'><strong>et</strong></span> <span class='ocrx_word' id='word_1_68' title='bbox 724 985 814 1063; x_wconf 91' lang='lat' dir='ltr'><strong>magis</strong></span> <span class='ocrx_word' id='word_1_69' title='bbox 829 985 957 1046; x_wconf 80' lang='lat' dir='ltr'><strong>terribile</strong></span> <span class='ocrx_word' id='word_1_70' title='bbox 974 994 1004 1046; x_wconf 90' lang='lat' dir='ltr'><strong>ct</strong></span> <span class='ocrx_word' id='word_1_71' title='bbox 1017 1003 1074 1046; x_wconf 92' lang='lat' dir='ltr'><strong>non</strong></span> <span class='ocrx_word' id='word_1_72' title='bbox 1087 987 1164 1051; x_wconf 73' lang='lat' dir='ltr'><strong>mid</strong></span> 
     </span>
     <span class='ocr_line' id='line_1_10' title="bbox 133 1065 1161 1150; baseline 0.006 -22"><span class='ocrx_word' id='word_1_73' title='bbox 133 1085 187 1128; x_wconf 88' lang='lat' dir='ltr'><strong>uus</strong></span> <span class='ocrx_word' id='word_1_74' title='bbox 202 1068 301 1126; x_wconf 89' lang='lat' dir='ltr'><strong>mirum</strong></span> <span class='ocrx_word' id='word_1_75' title='bbox 316 1076 378 1144; x_wconf 89' lang='lat' dir='ltr'><strong>est,</strong></span> <span class='ocrx_word' id='word_1_76' title='bbox 401 1067 477 1150; x_wconf 87' lang='lat' dir='ltr'><strong>quod</strong></span> <span class='ocrx_word' id='word_1_77' title='bbox 498 1085 637 1147; x_wconf 82' lang='lat' dir='ltr'><strong>exponam</strong></span> <span class='ocrx_word' id='word_1_78' title='bbox 660 1077 691 1129; x_wconf 89' lang='lat' dir='ltr'><strong>ut</strong></span> <span class='ocrx_word' id='word_1_79' title='bbox 705 1065 827 1148; x_wconf 85' lang='lat' dir='ltr'><strong>accepil</strong></span> <span class='ocrx_word' id='word_1_80' title='bbox 852 1067 920 1130; x_wconf 89' lang='lat' dir='ltr'><strong>Erat</strong></span> <span class='ocrx_word' id='word_1_81' title='bbox 933 1068 1053 1131; x_wconf 82' lang='lat' dir='ltr'><strong>Athenis</strong></span> <span class='ocrx_word' id='word_1_82' title='bbox 1069 1083 1161 1148; x_wconf 86' lang='lat' dir='ltr'><strong>spa-5</strong></span> 
     </span>
     <span class='ocr_line' id='line_1_11' title="bbox 94 1150 1137 1232; baseline 0 -19"><span class='ocrx_word' id='word_1_83' title='bbox 94 1153 209 1213; x_wconf 89' lang='lat' dir='ltr'><strong>totiosa</strong></span> <span class='ocrx_word' id='word_1_84' title='bbox 225 1160 255 1212; x_wconf 89' lang='lat' dir='ltr'><strong>et</strong></span> <span class='ocrx_word' id='word_1_85' title='bbox 271 1167 361 1228; x_wconf 82' lang='lat' dir='ltr'><strong>capax</strong></span> <span class='ocrx_word' id='word_1_86' title='bbox 375 1150 491 1230; x_wconf 90' lang='lat' dir='ltr'><strong>domus,</strong></span> <span class='ocrx_word' id='word_1_87' title='bbox 509 1151 562 1212; x_wconf 89' lang='lat' dir='ltr'><strong>sed</strong></span> <span class='ocrx_word' id='word_1_88' title='bbox 576 1152 688 1212; x_wconf 81' lang='lat' dir='ltr'><strong>infamis</strong></span> <span class='ocrx_word' id='word_1_89' title='bbox 702 1161 732 1212; x_wconf 90' lang='lat' dir='ltr'><strong>et</strong></span> <span class='ocrx_word' id='word_1_90' title='bbox 745 1152 896 1232; x_wconf 82' lang='lat' dir='ltr'><strong>pestilens.</strong></span> <span class='ocrx_word' id='word_1_91' title='bbox 927 1151 982 1214; x_wconf 86' lang='lat' dir='ltr'><strong>Per</strong></span> <span class='ocrx_word' id='word_1_92' title='bbox 996 1152 1137 1214; x_wconf 88' lang='lat' dir='ltr'><strong>silentium</strong></span> 
     </span>
     <span class='ocr_line' id='line_1_12' title="bbox 132 1235 1137 1314; baseline 0 -18"><span class='ocrx_word' id='word_1_93' title='bbox 132 1236 228 1296; x_wconf 89' lang='lat' dir='ltr'><strong>noetis</strong></span> <span class='ocrx_word' id='word_1_94' title='bbox 241 1252 328 1296; x_wconf 92' lang='lat' dir='ltr'><strong>sonus</strong></span> <span class='ocrx_word' id='word_1_95' title='bbox 340 1235 420 1314; x_wconf 85' lang='lat' dir='ltr'><strong>ferri,</strong></span> <span class='ocrx_word' id='word_1_96' title='bbox 433 1244 463 1296; x_wconf 89' lang='lat' dir='ltr'><strong>et</strong></span> <span class='ocrx_word' id='word_1_97' title='bbox 479 1236 504 1295; x_wconf 90' lang='lat' dir='ltr'><strong>sl</strong></span> <span class='ocrx_word' id='word_1_98' title='bbox 515 1236 677 1296; x_wconf 89' lang='lat' dir='ltr'><strong>attenderes</strong></span> <span class='ocrx_word' id='word_1_99' title='bbox 688 1238 793 1312; x_wconf 90' lang='lat' dir='ltr'><strong>acrius,</strong></span> <span class='ocrx_word' id='word_1_100' title='bbox 809 1237 947 1314; x_wconf 89' lang='lat' dir='ltr'><strong>strepitus</strong></span> <span class='ocrx_word' id='word_1_101' title='bbox 959 1235 1137 1296; x_wconf 76' lang='lat' dir='ltr'><strong>vinculorum</strong></span> 
     </span>
     <span class='ocr_line' id='line_1_13' title="bbox 132 1316 1136 1398; baseline 0.002 -20"><span class='ocrx_word' id='word_1_102' title='bbox 132 1319 248 1396; x_wconf 87' lang='lat' dir='ltr'><strong>longius</strong></span> <span class='ocrx_word' id='word_1_103' title='bbox 264 1320 371 1398; x_wconf 86' lang='lat' dir='ltr'><strong>ptimo,</strong></span> <span class='ocrx_word' id='word_1_104' title='bbox 395 1318 498 1379; x_wconf 89' lang='lat' dir='ltr'><strong>deinde</strong></span> <span class='ocrx_word' id='word_1_105' title='bbox 516 1316 680 1398; x_wconf 81' lang='lat' dir='ltr'><strong>e‘proximo</strong></span> <span class='ocrx_word' id='word_1_106' title='bbox 696 1319 882 1381; x_wconf 86' lang='lat' dir='ltr'><strong>reddebatur:</strong></span> <span class='ocrx_word' id='word_1_107' title='bbox 901 1336 968 1378; x_wconf 85' lang='lat' dir='ltr'><strong>rnox</strong></span> <span class='ocrx_word' id='word_1_108' title='bbox 982 1320 1136 1398; x_wconf 88' lang='lat' dir='ltr'><strong>apparebat</strong></span> 
     </span>
     <span class='ocr_line' id='line_1_14' title="bbox 133 1401 1135 1482; baseline 0.002 -20"><span class='ocrx_word' id='word_1_109' title='bbox 133 1401 248 1479; x_wconf 90' lang='lat' dir='ltr'><strong>idolon‚</strong></span> <span class='ocrx_word' id='word_1_110' title='bbox 271 1421 363 1464; x_wconf 83' lang='lat' dir='ltr'><strong>senex</strong></span> <span class='ocrx_word' id='word_1_111' title='bbox 383 1403 474 1463; x_wconf 90' lang='lat' dir='ltr'><strong>macie</strong></span> <span class='ocrx_word' id='word_1_112' title='bbox 494 1413 524 1463; x_wconf 91' lang='lat' dir='ltr'><strong>et</strong></span> <span class='ocrx_word' id='word_1_113' title='bbox 540 1402 673 1481; x_wconf 76' lang='lat' dir='ltr'><strong>squalore</strong></span> <span class='ocrx_word' id='word_1_114' title='bbox 689 1403 856 1480; x_wconf 84' lang='lat' dir='ltr'><strong>conlectus,</strong></span> <span class='ocrx_word' id='word_1_115' title='bbox 878 1402 1017 1480; x_wconf 89' lang='lat' dir='ltr'><strong>promissa</strong></span> <span class='ocrx_word' id='word_1_116' title='bbox 1038 1403 1135 1482; x_wconf 89' lang='lat' dir='ltr'><strong>barba,</strong></span> 
     </span>
     <span class='ocr_line' id='line_1_15' title="bbox 131 1485 1136 1566; baseline -0.001 -19"><span class='ocrx_word' id='word_1_117' title='bbox 131 1487 261 1548; x_wconf 89' lang='lat' dir='ltr'><strong>horrenti</strong></span> <span class='ocrx_word' id='word_1_118' title='bbox 284 1485 402 1565; x_wconf 89' lang='lat' dir='ltr'><strong>capillo:</strong></span> <span class='ocrx_word' id='word_1_119' title='bbox 427 1488 557 1549; x_wconf 90' lang='lat' dir='ltr'><strong>cruribus</strong></span> <span class='ocrx_word' id='word_1_120' title='bbox 580 1486 752 1566; x_wconf 91' lang='lat' dir='ltr'><strong>compedes,</strong></span> <span class='ocrx_word' id='word_1_121' title='bbox 775 1487 902 1549; x_wconf 88' lang='lat' dir='ltr'><strong>manibus</strong></span> <span class='ocrx_word' id='word_1_122' title='bbox 923 1496 1036 1548; x_wconf 85' lang='lat' dir='ltr'><strong>catenas</strong></span> <span class='ocrx_word' id='word_1_123' title='bbox 1051 1505 1136 1565; x_wconf 89' lang='lat' dir='ltr'><strong>gere·</strong></span> 
     </span>
     <span class='ocr_line' id='line_1_16' title="bbox 92 1568 1161 1651; baseline 0.004 -21"><span class='ocrx_word' id='word_1_124' title='bbox 92 1584 124 1637; x_wconf 89' lang='lat'><strong>15</strong></span> <span class='ocrx_word' id='word_1_125' title='bbox 134 1570 182 1630; x_wconf 87' lang='lat' dir='ltr'><strong>bat</strong></span> <span class='ocrx_word' id='word_1_126' title='bbox 196 1571 407 1650; x_wconf 84' lang='lat' dir='ltr'><strong>quatiebatque.</strong></span> <span class='ocrx_word' id='word_1_127' title='bbox 441 1568 510 1632; x_wconf 92' lang='lat' dir='ltr'><strong>lnde</strong></span> <span class='ocrx_word' id='word_1_128' title='bbox 528 1570 745 1632; x_wconf 86' lang='lat' dir='ltr'><strong>inhabitantibus</strong></span> <span class='ocrx_word' id='word_1_129' title='bbox 764 1572 862 1632; x_wconf 83' lang='lat' dir='ltr'><strong>tristes</strong></span> <span class='ocrx_word' id='word_1_130' title='bbox 879 1570 1014 1651; x_wconf 87' lang='lat' dir='ltr'><strong>diraeque</strong></span> <span class='ocrx_word' id='word_1_131' title='bbox 1034 1579 1161 1634; x_wconf 81' lang='lat' dir='ltr'><strong>noctesb</strong></span> 
     </span>
     <span class='ocr_line' id='line_1_17' title="bbox 132 1652 1134 1733; baseline -0.002 -19"><span class='ocrx_word' id='word_1_132' title='bbox 132 1671 187 1732; x_wconf 91' lang='lat' dir='ltr'><strong>per</strong></span> <span class='ocrx_word' id='word_1_133' title='bbox 207 1663 312 1714; x_wconf 88' lang='lat' dir='ltr'><strong>metum</strong></span> <span class='ocrx_word' id='word_1_134' title='bbox 326 1652 528 1732; x_wconf 80' lang='lat' dir='ltr'><strong>vigilabuntur:</strong></span> <span class='ocrx_word' id='word_1_135' title='bbox 553 1655 676 1733; x_wconf 86' lang='lat' dir='ltr'><strong>vigiliam</strong></span> <span class='ocrx_word' id='word_1_136' title='bbox 697 1655 812 1716; x_wconf 89' lang='lat' dir='ltr'><strong>morbus</strong></span> <span class='ocrx_word' id='word_1_137' title='bbox 828 1664 858 1716; x_wconf 90' lang='lat' dir='ltr'><strong>et</strong></span> <span class='ocrx_word' id='word_1_138' title='bbox 874 1664 1023 1715; x_wconf 89' lang='lat' dir='ltr'><strong>crescente</strong></span> <span class='ocrx_word' id='word_1_139' title='bbox 1038 1653 1134 1714; x_wconf 89' lang='lat' dir='ltr'><strong>lormi-</strong></span> 
     </span>
     <span class='ocr_line' id='line_1_18' title="bbox 132 1737 1133 1818; baseline 0.001 -21"><span class='ocrx_word' id='word_1_140' title='bbox 132 1737 198 1798; x_wconf 90' lang='lat' dir='ltr'><strong>dine</strong></span> <span class='ocrx_word' id='word_1_141' title='bbox 215 1755 291 1798; x_wconf 89' lang='lat' dir='ltr'><strong>mors</strong></span> <span class='ocrx_word' id='word_1_142' title='bbox 307 1738 488 1816; x_wconf 86' lang='lat' dir='ltr'><strong>sequebatur.</strong></span> <span class='ocrx_word' id='word_1_143' title='bbox 518 1737 590 1798; x_wconf 89' lang='lat' dir='ltr'><strong>Nam</strong></span> <span class='ocrx_word' id='word_1_144' title='bbox 605 1739 724 1800; x_wconf 89' lang='lat' dir='ltr'><strong>interdiu</strong></span> <span class='ocrx_word' id='word_1_145' title='bbox 737 1756 870 1818; x_wconf 73' lang='lat' dir='ltr'><strong>quoque,</strong></span> <span class='ocrx_word' id='word_1_146' title='bbox 888 1755 1054 1818; x_wconf 86' lang='lat' dir='ltr'><strong>quamquam</strong></span> <span class='ocrx_word' id='word_1_147' title='bbox 1068 1737 1133 1798; x_wconf 87' lang='lat' dir='ltr'><strong>abs·</strong></span> 
     </span>
     <span class='ocr_line' id='line_1_19' title="bbox 133 1821 1133 1901; baseline 0 -21"><span class='ocrx_word' id='word_1_148' title='bbox 133 1831 263 1881; x_wconf 89' lang='lat' dir='ltr'><strong>cesserat</strong></span> <span class='ocrx_word' id='word_1_149' title='bbox 283 1823 393 1899; x_wconf 88' lang='lat' dir='ltr'><strong>imago,</strong></span> <span class='ocrx_word' id='word_1_150' title='bbox 415 1824 548 1882; x_wconf 89' lang='lat' dir='ltr'><strong>memoria</strong></span> <span class='ocrx_word' id='word_1_151' title='bbox 570 1825 699 1901; x_wconf 85' lang='lat' dir='ltr'><strong>imaginis</strong></span> <span class='ocrx_word' id='word_1_152' title='bbox 716 1821 809 1884; x_wconf 89' lang='lat' dir='ltr'><strong>oculis</strong></span> <span class='ocrx_word' id='word_1_153' title='bbox 829 1823 987 1900; x_wconf 85' lang='lat' dir='ltr'><strong>inerrabat,</strong></span> <span class='ocrx_word' id='word_1_154' title='bbox 1007 1821 1133 1899; x_wconf 88' lang='lat' dir='ltr'><strong>longior-</strong></span> 
     </span>
     <span class='ocr_line' id='line_1_20' title="bbox 132 1904 1132 1983; baseline 0 -18"><span class='ocrx_word' id='word_1_155' title='bbox 132 1921 189 1983; x_wconf 87' lang='lat' dir='ltr'><strong>que</strong></span> <span class='ocrx_word' id='word_1_156' title='bbox 207 1907 300 1966; x_wconf 91' lang='lat' dir='ltr'><strong>causis</strong></span> <span class='ocrx_word' id='word_1_157' title='bbox 311 1906 419 1966; x_wconf 88' lang='lat' dir='ltr'><strong>timoris</strong></span> <span class='ocrx_word' id='word_1_158' title='bbox 435 1907 519 1966; x_wconf 72' lang='lat' dir='ltr'><strong>umor</strong></span> <span class='ocrx_word' id='word_1_159' title='bbox 529 1916 599 1966; x_wconf 86' lang='lat' dir='ltr'><strong>erat.</strong></span> <span class='ocrx_word' id='word_1_160' title='bbox 627 1907 750 1968; x_wconf 91' lang='lat' dir='ltr'><strong>Deserta</strong></span> <span class='ocrx_word' id='word_1_161' title='bbox 765 1906 830 1966; x_wconf 92' lang='lat' dir='ltr'><strong>inde</strong></span> <span class='ocrx_word' id='word_1_162' title='bbox 846 1915 875 1966; x_wconf 89' lang='lat' dir='ltr'><strong>ct</strong></span> <span class='ocrx_word' id='word_1_163' title='bbox 889 1905 1016 1967; x_wconf 87' lang='lat' dir='ltr'><strong>damnata</strong></span> <span class='ocrx_word' id='word_1_164' title='bbox 1034 1904 1132 1966; x_wconf 91' lang='lat' dir='ltr'><strong>solitu·</strong></span> 
     </span>
     <span class='ocr_line' id='line_1_21' title="bbox 88 1987 1130 2069; baseline -0.003 -18"><span class='ocrx_word' id='word_1_165' title='bbox 88 1997 123 2051; x_wconf 71' lang='lat'><strong>20</strong></span> <span class='ocrx_word' id='word_1_166' title='bbox 132 1987 197 2048; x_wconf 91' lang='lat' dir='ltr'><strong>dine</strong></span> <span class='ocrx_word' id='word_1_167' title='bbox 212 1989 310 2049; x_wconf 91' lang='lat' dir='ltr'><strong>domus</strong></span> <span class='ocrx_word' id='word_1_168' title='bbox 324 1997 441 2068; x_wconf 91' lang='lat' dir='ltr'><strong>totaque</strong></span> <span class='ocrx_word' id='word_1_169' title='bbox 455 1988 497 2048; x_wconf 94' lang='lat' dir='ltr'><strong>illi</strong></span> <span class='ocrx_word' id='word_1_170' title='bbox 511 1999 636 2051; x_wconf 91' lang='lat' dir='ltr'><strong>monstro</strong></span> <span class='ocrx_word' id='word_1_171' title='bbox 650 1989 765 2059; x_wconf 83' lang='lat' dir='ltr'><strong>relicta:</strong></span> <span class='ocrx_word' id='word_1_172' title='bbox 781 1990 1013 2069; x_wconf 85' lang='lat' dir='ltr'><strong>proscribebatur</strong></span> <span class='ocrx_word' id='word_1_173' title='bbox 1027 1997 1130 2064; x_wconf 91' lang='lat' dir='ltr'><strong>tamen,</strong></span> 
     </span>
     <span class='ocr_line' id='line_1_22' title="bbox 131 2070 1131 2152; baseline 0 -20"><span class='ocrx_word' id='word_1_174' title='bbox 131 2089 184 2132; x_wconf 87' lang='lat' dir='ltr'><strong>eeu</strong></span> <span class='ocrx_word' id='word_1_175' title='bbox 199 2075 262 2151; x_wconf 86' lang='lat' dir='ltr'><strong>quis</strong></span> <span class='ocrx_word' id='word_1_176' title='bbox 277 2090 391 2151; x_wconf 88' lang='lat' dir='ltr'><strong>emere,</strong></span> <span class='ocrx_word' id='word_1_177' title='bbox 410 2089 464 2134; x_wconf 92' lang='lat' dir='ltr'><strong>scu</strong></span> <span class='ocrx_word' id='word_1_178' title='bbox 479 2074 543 2150; x_wconf 88' lang='lat' dir='ltr'><strong>quis</strong></span> <span class='ocrx_word' id='word_1_179' title='bbox 558 2074 720 2134; x_wconf 85' lang='lat' dir='ltr'><strong>conducere</strong></span> <span class='ocrx_word' id='word_1_180' title='bbox 738 2075 852 2152; x_wconf 84' lang='lat' dir='ltr'><strong>ignams</strong></span> <span class='ocrx_word' id='word_1_181' title='bbox 867 2073 936 2133; x_wconf 89' lang='lat' dir='ltr'><strong>tanti</strong></span> <span class='ocrx_word' id='word_1_182' title='bbox 952 2071 1016 2131; x_wconf 88' lang='lat' dir='ltr'><strong>mali</strong></span> <span class='ocrx_word' id='word_1_183' title='bbox 1030 2070 1131 2132; x_wconf 87' lang='lat' dir='ltr'><strong>vellet.</strong></span> 
     </span>
     <span class='ocr_line' id='line_1_23' title="bbox 129 2153 1155 2235; baseline 0.006 -21"><span class='ocrx_word' id='word_1_184' title='bbox 129 2154 216 2214; x_wconf 84' lang='lat' dir='ltr'><strong>Venit</strong></span> <span class='ocrx_word' id='word_1_185' title='bbox 229 2154 355 2217; x_wconf 81' lang='lat' dir='ltr'><strong>Athenas</strong></span> <span class='ocrx_word' id='word_1_186' title='bbox 371 2155 559 2235; x_wconf 91' lang='lat' dir='ltr'><strong>philosophus</strong></span> <span class='ocrx_word' id='word_1_187' title='bbox 577 2155 796 2234; x_wconf 77' lang='lat' dir='ltr'><strong>Athenodorus,</strong></span> <span class='ocrx_word' id='word_1_188' title='bbox 818 2155 888 2234; x_wconf 89' lang='lat' dir='ltr'><strong>legit</strong></span> <span class='ocrx_word' id='word_1_189' title='bbox 902 2153 1030 2232; x_wconf 87' lang='lat' dir='ltr'><strong>titulum,</strong></span> <span class='ocrx_word' id='word_1_190' title='bbox 1053 2155 1155 2220; x_wconf 85' lang='lat' dir='ltr'><strong>audi-‘l</strong></span> 
     </span>
     <span class='ocr_line' id='line_1_24' title="bbox 130 2237 1131 2320; baseline -0.001 -21"><span class='ocrx_word' id='word_1_191' title='bbox 130 2248 219 2318; x_wconf 90' lang='lat' dir='ltr'><strong>toque</strong></span> <span class='ocrx_word' id='word_1_192' title='bbox 230 2241 335 2318; x_wconf 90' lang='lat' dir='ltr'><strong>pretio,</strong></span> <span class='ocrx_word' id='word_1_193' title='bbox 353 2242 419 2317; x_wconf 90' lang='lat' dir='ltr'><strong>quia</strong></span> <span class='ocrx_word' id='word_1_194' title='bbox 433 2248 570 2318; x_wconf 85' lang='lat' dir='ltr'><strong>suspectu</strong></span> <span class='ocrx_word' id='word_1_195' title='bbox 583 2241 696 2320; x_wconf 82' lang='lat' dir='ltr'><strong>vilitas,</strong></span> <span class='ocrx_word' id='word_1_196' title='bbox 707 2247 926 2319; x_wconf 87' lang='lat' dir='ltr'><strong>percunctatus,</strong></span> <span class='ocrx_word' id='word_1_197' title='bbox 940 2240 1032 2300; x_wconf 89' lang='lat' dir='ltr'><strong>omnia</strong></span> <span class='ocrx_word' id='word_1_198' title='bbox 1043 2237 1131 2299; x_wconf 91' lang='lat' dir='ltr'><strong>doce·</strong></span> 
     </span>
     <span class='ocr_line' id='line_1_25' title="bbox 130 2322 1131 2402; baseline -0.001 -19"><span class='ocrx_word' id='word_1_199' title='bbox 130 2332 179 2383; x_wconf 88' lang='lat' dir='ltr'><strong>tur</strong></span> <span class='ocrx_word' id='word_1_200' title='bbox 191 2340 226 2382; x_wconf 90' lang='lat' dir='ltr'><strong>ac</strong></span> <span class='ocrx_word' id='word_1_201' title='bbox 240 2323 327 2384; x_wconf 92' lang='lat' dir='ltr'><strong>nihilo</strong></span> <span class='ocrx_word' id='word_1_202' title='bbox 342 2326 449 2402; x_wconf 87' lang='lat' dir='ltr'><strong>minus,</strong></span> <span class='ocrx_word' id='word_1_203' title='bbox 475 2326 560 2384; x_wconf 91' lang='lat' dir='ltr'><strong>inuno</strong></span> <span class='ocrx_word' id='word_1_204' title='bbox 580 2332 657 2386; x_wconf 87' lang='lat' dir='ltr'><strong>tanto</strong></span> <span class='ocrx_word' id='word_1_205' title='bbox 677 2326 767 2402; x_wconf 84' lang='lat' dir='ltr'><strong>magis</strong></span> <span class='ocrx_word' id='word_1_206' title='bbox 789 2322 929 2384; x_wconf 92' lang='lat' dir='ltr'><strong>conducit.</strong></span> <span class='ocrx_word' id='word_1_207' title='bbox 963 2322 1017 2383; x_wconf 90' lang='lat' dir='ltr'><strong>Ubi</strong></span> <span class='ocrx_word' id='word_1_208' title='bbox 1033 2324 1131 2400; x_wconf 89' lang='lat' dir='ltr'><strong>coepit</strong></span> 
     </span>
     <span class='ocr_line' id='line_1_26' title="bbox 87 2405 1131 2487; baseline 0.005 -25"><span class='ocrx_word' id='word_1_209' title='bbox 87 2405 394 2485; x_wconf 77' lang='lat' dir='ltr'><strong>madvesperascere,</strong></span> <span class='ocrx_word' id='word_1_210' title='bbox 418 2408 499 2468; x_wconf 89' lang='lat' dir='ltr'><strong>iubet</strong></span> <span class='ocrx_word' id='word_1_211' title='bbox 513 2410 601 2468; x_wconf 88' lang='lat' dir='ltr'><strong>sterni</strong></span> <span class='ocrx_word' id='word_1_212' title='bbox 615 2409 671 2471; x_wconf 87' lang='lat' dir='ltr'><strong>sibi</strong></span> <span class='ocrx_word' id='word_1_213' title='bbox 691 2411 781 2487; x_wconf 85' lang='lat' dir='ltr'><strong>primu</strong></span> <span class='ocrx_word' id='word_1_214' title='bbox 801 2405 901 2468; x_wconf 89' lang='lat' dir='ltr'><strong>domus</strong></span> <span class='ocrx_word' id='word_1_215' title='bbox 919 2415 1017 2486; x_wconf 87' lang='lat' dir='ltr'><strong>purte,</strong></span> <span class='ocrx_word' id='word_1_216' title='bbox 1036 2409 1131 2487; x_wconf 91' lang='lat' dir='ltr'><strong>poscit</strong></span> 
     </span>
     <span class='ocr_line' id='line_1_27' title="bbox 129 2488 1130 2568; baseline 0.002 -20"><span class='ocrx_word' id='word_1_217' title='bbox 129 2488 288 2568; x_wconf 83' lang='lat' dir='ltr'><strong>pugillares</strong></span> <span class='ocrx_word' id='word_1_218' title='bbox 318 2490 413 2552; x_wconf 88' lang='lat' dir='ltr'><strong>stilum</strong></span> <span class='ocrx_word' id='word_1_219' title='bbox 438 2490 549 2552; x_wconf 90' lang='lat' dir='ltr'><strong>lumen:</strong></span> <span class='ocrx_word' id='word_1_220' title='bbox 576 2509 646 2553; x_wconf 92' lang='lat' dir='ltr'><strong>snos</strong></span> <span class='ocrx_word' id='word_1_221' title='bbox 674 2509 773 2554; x_wconf 88' lang='lat' dir='ltr'><strong>omnes</strong></span> <span class='ocrx_word' id='word_1_222' title='bbox 800 2492 828 2551; x_wconf 91' lang='lat' dir='ltr'><strong>in</strong></span> <span class='ocrx_word' id='word_1_223' title='bbox 853 2492 988 2552; x_wconf 86' lang='lat' dir='ltr'><strong>interiora</strong></span> <span class='ocrx_word' id='word_1_224' title='bbox 1008 2490 1130 2567; x_wconf 87' lang='lat' dir='ltr'><strong>dimittit,</strong></span> 
     </span>
     <span class='ocr_line' id='line_1_28' title="bbox 129 2573 1131 2652; baseline 0.001 -20"><span class='ocrx_word' id='word_1_225' title='bbox 129 2575 194 2651; x_wconf 90' lang='lat' dir='ltr'><strong>ipse</strong></span> <span class='ocrx_word' id='word_1_226' title='bbox 220 2574 254 2634; x_wconf 88' lang='lat' dir='ltr'><strong>ad</strong></span> <span class='ocrx_word' id='word_1_227' title='bbox 276 2574 458 2635; x_wconf 90' lang='lat' dir='ltr'><strong>scribendum</strong></span> <span class='ocrx_word' id='word_1_228' title='bbox 478 2577 598 2635; x_wconf 90' lang='lat' dir='ltr'><strong>animum</strong></span> <span class='ocrx_word' id='word_1_229' title='bbox 619 2575 720 2636; x_wconf 93' lang='lat' dir='ltr'><strong>oculos</strong></span> <span class='ocrx_word' id='word_1_230' title='bbox 741 2592 852 2636; x_wconf 86' lang='lat' dir='ltr'><strong>manum</strong></span> <span class='ocrx_word' id='word_1_231' title='bbox 867 2573 1002 2652; x_wconf 90' lang='lat' dir='ltr'><strong>intendit,</strong></span> <span class='ocrx_word' id='word_1_232' title='bbox 1023 2591 1061 2634; x_wconf 86' lang='lat' dir='ltr'><strong>ne</strong></span> <span class='ocrx_word' id='word_1_233' title='bbox 1082 2592 1131 2633; x_wconf 85' lang='lat' dir='ltr'><strong>va·</strong></span> 
     </span>
     <span class='ocr_line' id='line_1_29' title="bbox 130 2655 1156 2736; baseline 0.001 -21"><span class='ocrx_word' id='word_1_234' title='bbox 130 2674 273 2717; x_wconf 86' lang='lat' dir='ltr'><strong>coamens</strong></span> <span class='ocrx_word' id='word_1_235' title='bbox 284 2657 378 2718; x_wconf 88' lang='lat' dir='ltr'><strong>audita</strong></span> <span class='ocrx_word' id='word_1_236' title='bbox 391 2658 540 2719; x_wconf 88' lang='lat' dir='ltr'><strong>simulacra</strong></span> <span class='ocrx_word' id='word_1_237' title='bbox 554 2668 584 2719; x_wconf 88' lang='lat' dir='ltr'><strong>et</strong></span> <span class='ocrx_word' id='word_1_238' title='bbox 597 2660 694 2720; x_wconf 79' lang='lat' dir='ltr'><strong>manes</strong></span> <span class='ocrx_word' id='word_1_239' title='bbox 709 2660 763 2718; x_wconf 85' lang='lat' dir='ltr'><strong>sibi</strong></span> <span class='ocrx_word' id='word_1_240' title='bbox 778 2667 870 2719; x_wconf 91' lang='lat' dir='ltr'><strong>metus</strong></span> <span class='ocrx_word' id='word_1_241' title='bbox 883 2658 1012 2736; x_wconf 88' lang='lat' dir='ltr'><strong>fingeret.</strong></span> <span class='ocrx_word' id='word_1_242' title='bbox 1033 2655 1156 2734; x_wconf 84' lang='lat' dir='ltr'><strong>lnitio,8</strong></span> 
     </span>
     <span class='ocr_line' id='line_1_30' title="bbox 129 2737 1131 2820; baseline 0 -20"><span class='ocrx_word' id='word_1_243' title='bbox 129 2739 214 2820; x_wconf 91' lang='lat' dir='ltr'><strong>quale</strong></span> <span class='ocrx_word' id='word_1_244' title='bbox 227 2742 351 2819; x_wconf 89' lang='lat' dir='ltr'><strong>ubique,</strong></span> <span class='ocrx_word' id='word_1_245' title='bbox 373 2741 514 2802; x_wconf 89' lang='lat' dir='ltr'><strong>silentium</strong></span> <span class='ocrx_word' id='word_1_246' title='bbox 528 2744 639 2820; x_wconf 89' lang='lat' dir='ltr'><strong>noctis,</strong></span> <span class='ocrx_word' id='word_1_247' title='bbox 660 2739 725 2802; x_wconf 91' lang='lat' dir='ltr'><strong>dein</strong></span> <span class='ocrx_word' id='word_1_248' title='bbox 740 2743 853 2803; x_wconf 86' lang='lat' dir='ltr'><strong>concuti</strong></span> <span class='ocrx_word' id='word_1_249' title='bbox 870 2741 991 2818; x_wconf 83' lang='lat' dir='ltr'><strong>ferrum,</strong></span> <span class='ocrx_word' id='word_1_250' title='bbox 1016 2737 1131 2800; x_wconf 87' lang='lat' dir='ltr'><strong>vincula</strong></span> 
     </span>
     <span class='ocr_line' id='line_1_31' title="bbox 85 2822 1129 2903; baseline -0.004 -17"><span class='ocrx_word' id='word_1_251' title='bbox 85 2825 254 2886; x_wconf 72' lang='lat' dir='ltr'><strong>bomoreri:</strong></span> <span class='ocrx_word' id='word_1_252' title='bbox 266 2823 315 2885; x_wconf 92' lang='lat' dir='ltr'><strong>ille</strong></span> <span class='ocrx_word' id='word_1_253' title='bbox 329 2842 387 2885; x_wconf 91' lang='lat' dir='ltr'><strong>nou</strong></span> <span class='ocrx_word' id='word_1_254' title='bbox 401 2823 505 2886; x_wconf 90' lang='lat' dir='ltr'><strong>tollere</strong></span> <span class='ocrx_word' id='word_1_255' title='bbox 518 2825 630 2903; x_wconf 90' lang='lat' dir='ltr'><strong>oculos,</strong></span> <span class='ocrx_word' id='word_1_256' title='bbox 644 2842 701 2885; x_wconf 88' lang='lat' dir='ltr'><strong>uon</strong></span> <span class='ocrx_word' id='word_1_257' title='bbox 711 2826 856 2885; x_wconf 87' lang='lat' dir='ltr'><strong>remittere</strong></span> <span class='ocrx_word' id='word_1_258' title='bbox 868 2823 972 2902; x_wconf 86' lang='lat' dir='ltr'><strong>stilum,</strong></span> <span class='ocrx_word' id='word_1_259' title='bbox 990 2822 1043 2884; x_wconf 89' lang='lat' dir='ltr'><strong>sed</strong></span> <span class='ocrx_word' id='word_1_260' title='bbox 1053 2823 1129 2883; x_wconf 84' lang='lat' dir='ltr'><strong>etur-</strong></span> 
     </span>
     <span class='ocr_line' id='line_1_32' title="bbox 127 2906 1130 2988; baseline -0.001 -21"><span class='ocrx_word' id='word_1_261' title='bbox 127 2925 204 2968; x_wconf 91' lang='lat' dir='ltr'><strong>mare</strong></span> <span class='ocrx_word' id='word_1_262' title='bbox 225 2908 343 2968; x_wconf 86' lang='lat' dir='ltr'><strong>animum</strong></span> <span class='ocrx_word' id='word_1_263' title='bbox 363 2909 533 2988; x_wconf 88' lang='lat' dir='ltr'><strong>auribusque</strong></span> <span class='ocrx_word' id='word_1_264' title='bbox 555 2908 758 2988; x_wconf 87' lang='lat' dir='ltr'><strong>praetendere:</strong></span> <span class='ocrx_word' id='word_1_265' title='bbox 783 2917 842 2970; x_wconf 89' lang='lat' dir='ltr'><strong>turn</strong></span> <span class='ocrx_word' id='word_1_266' title='bbox 854 2907 1056 2969; x_wconf 84' lang='lat' dir='ltr'><strong>&#39;crebrescere</strong></span> <span class='ocrx_word' id='word_1_267' title='bbox 1075 2906 1130 2966; x_wconf 87' lang='lat' dir='ltr'><strong>ira·</strong></span> 
     </span>
     <span class='ocr_line' id='line_1_33' title="bbox 127 2990 1129 3071; baseline 0 -21"><span class='ocrx_word' id='word_1_268' title='bbox 127 3008 198 3069; x_wconf 84' lang='lat' dir='ltr'><strong>gor,</strong></span> <span class='ocrx_word' id='word_1_269' title='bbox 212 2991 376 3070; x_wconf 84' lang='lat' dir='ltr'><strong>adventare,</strong></span> <span class='ocrx_word' id='word_1_270' title='bbox 393 3001 422 3053; x_wconf 90' lang='lat' dir='ltr'><strong>et</strong></span> <span class='ocrx_word' id='word_1_271' title='bbox 434 2995 488 3053; x_wconf 88' lang='lat' dir='ltr'><strong>iam</strong></span> <span class='ocrx_word' id='word_1_272' title='bbox 502 2995 574 3052; x_wconf 93' lang='lat' dir='ltr'><strong>utin</strong></span> <span class='ocrx_word' id='word_1_273' title='bbox 588 2992 700 3071; x_wconf 86' lang='lat' dir='ltr'><strong>limine,</strong></span> <span class='ocrx_word' id='word_1_274' title='bbox 724 2995 778 3053; x_wconf 91' lang='lat' dir='ltr'><strong>iam</strong></span> <span class='ocrx_word' id='word_1_275' title='bbox 795 3001 825 3052; x_wconf 92' lang='lat' dir='ltr'><strong>ut</strong></span> <span class='ocrx_word' id='word_1_276' title='bbox 842 2993 913 3052; x_wconf 90' lang='lat' dir='ltr'><strong>intra</strong></span> <span class='ocrx_word' id='word_1_277' title='bbox 925 2991 1010 3053; x_wconf 91' lang='lat' dir='ltr'><strong>limen</strong></span> <span class='ocrx_word' id='word_1_278' title='bbox 1025 2990 1129 3052; x_wconf 90' lang='lat' dir='ltr'><strong>audiri:</strong></span> 
     </span>
     <span class='ocr_line' id='line_1_34' title="bbox 126 3074 1155 3155; baseline 0.004 -21"><span class='ocrx_word' id='word_1_279' title='bbox 126 3075 263 3153; x_wconf 90' lang='lat' dir='ltr'><strong>respicit,</strong></span> <span class='ocrx_word' id='word_1_280' title='bbox 285 3074 364 3136; x_wconf 82' lang='lat' dir='ltr'><strong>ridet</strong></span> <span class='ocrx_word' id='word_1_281' title='bbox 383 3077 570 3155; x_wconf 84' lang='lat' dir='ltr'><strong>agnoscitque</strong></span> <span class='ocrx_word' id='word_1_282' title='bbox 589 3085 727 3136; x_wconf 87' lang='lat' dir='ltr'><strong>narratam</strong></span> <span class='ocrx_word' id='word_1_283' title='bbox 740 3076 795 3137; x_wconf 92' lang='lat' dir='ltr'><strong>sibi</strong></span> <span class='ocrx_word' id='word_1_284' title='bbox 809 3076 944 3155; x_wconf 86' lang='lat' dir='ltr'><strong>eihgiem.</strong></span> <span class='ocrx_word' id='word_1_285' title='bbox 976 3075 1073 3136; x_wconf 86' lang='lat' dir='ltr'><strong>Stabat</strong></span> <span class='ocrx_word' id='word_1_286' title='bbox 1087 3076 1155 3138; x_wconf 79' lang='lat' dir='ltr'><strong>in·9</strong></span> 
     </span>
     <span class='ocr_line' id='line_1_35' title="bbox 126 3158 1129 3252; baseline -0.001 -33"><span class='ocrx_word' id='word_1_287' title='bbox 126 3158 290 3252; x_wconf 82' lang='lat' dir='ltr'><strong>nuebatque</strong></span> <span class='ocrx_word' id='word_1_288' title='bbox 312 3159 418 3237; x_wconf 91' lang='lat' dir='ltr'><strong>digito,</strong></span> <span class='ocrx_word' id='word_1_289' title='bbox 444 3158 545 3221; x_wconf 89' lang='lat' dir='ltr'><strong>similis</strong></span> <span class='ocrx_word' id='word_1_290' title='bbox 565 3161 694 3221; x_wconf 82' lang='lat' dir='ltr'><strong>vocanti:</strong></span> <span class='ocrx_word' id='word_1_291' title='bbox 720 3159 768 3220; x_wconf 93' lang='lat' dir='ltr'><strong>hic</strong></span> <span class='ocrx_word' id='word_1_292' title='bbox 783 3169 880 3220; x_wconf 87' lang='lat' dir='ltr'><strong>contra</strong></span> <span class='ocrx_word' id='word_1_293' title='bbox 900 3159 930 3219; x_wconf 91' lang='lat' dir='ltr'><strong>ut</strong></span> <span class='ocrx_word' id='word_1_294' title='bbox 944 3158 1058 3238; x_wconf 88' lang='lat' dir='ltr'><strong>paulum</strong></span> <span class='ocrx_word' id='word_1_295' title='bbox 1080 3174 1129 3218; x_wconf 86' lang='lat' dir='ltr'><strong>ex·</strong></span> 
     </span>
     <span class='ocr_line' id='line_1_36' title="bbox 84 3241 1130 3323; baseline 0 -20"><span class='ocrx_word' id='word_1_296' title='bbox 84 3249 118 3303; x_wconf 78' lang='lat'><strong>³5</strong></span> <span class='ocrx_word' id='word_1_297' title='bbox 127 3250 274 3322; x_wconf 90' lang='lat' dir='ltr'><strong>spectaret</strong></span> <span class='ocrx_word' id='word_1_298' title='bbox 288 3259 370 3303; x_wconf 89' lang='lat' dir='ltr'><strong>manu</strong></span> <span class='ocrx_word' id='word_1_299' title='bbox 384 3243 525 3322; x_wconf 82' lang='lat' dir='ltr'><strong>significat</strong></span> <span class='ocrx_word' id='word_1_300' title='bbox 539 3261 695 3323; x_wconf 88' lang='lat' dir='ltr'><strong>rursusque</strong></span> <span class='ocrx_word' id='word_1_301' title='bbox 711 3245 785 3304; x_wconf 86' lang='lat' dir='ltr'><strong>ceris</strong></span> <span class='ocrx_word' id='word_1_302' title='bbox 796 3253 826 3305; x_wconf 89' lang='lat' dir='ltr'><strong>et</strong></span> <span class='ocrx_word' id='word_1_303' title='bbox 842 3242 909 3304; x_wconf 91' lang='lat' dir='ltr'><strong>stilo</strong></span> <span class='ocrx_word' id='word_1_304' title='bbox 918 3241 1066 3303; x_wconf 86' lang='lat' dir='ltr'><strong>incumbit:</strong></span> <span class='ocrx_word' id='word_1_305' title='bbox 1081 3241 1130 3303; x_wconf 90' lang='lat' dir='ltr'><strong>illa</strong></span> 
     </span>
     <span class='ocr_line' id='line_1_37' title="bbox 127 3325 1129 3406; baseline -0.001 -20"><span class='ocrx_word' id='word_1_306' title='bbox 127 3326 281 3387; x_wconf 89' lang='lat' dir='ltr'><strong>scribentis</strong></span> <span class='ocrx_word' id='word_1_307' title='bbox 299 3329 384 3406; x_wconf 91' lang='lat' dir='ltr'><strong>capiti</strong></span> <span class='ocrx_word' id='word_1_308' title='bbox 406 3328 512 3388; x_wconf 90' lang='lat' dir='ltr'><strong>catenis</strong></span> <span class='ocrx_word' id='word_1_309' title='bbox 527 3327 689 3389; x_wconf 86' lang='lat' dir='ltr'><strong>insonabat:</strong></span> <span class='ocrx_word' id='word_1_310' title='bbox 709 3329 828 3406; x_wconf 85' lang='lat' dir='ltr'><strong>respicit</strong></span> <span class='ocrx_word' id='word_1_311' title='bbox 846 3345 944 3388; x_wconf 89' lang='lat' dir='ltr'><strong>rursus</strong></span> <span class='ocrx_word' id='word_1_312' title='bbox 960 3327 1035 3386; x_wconf 89' lang='lat' dir='ltr'><strong>idem</strong></span> <span class='ocrx_word' id='word_1_313' title='bbox 1052 3325 1129 3404; x_wconf 93' lang='lat' dir='ltr'><strong>quod</strong></span> 
     </span>
     <span class='ocr_line' id='line_1_38' title="bbox 125 3408 1172 3490; baseline 0.002 -20"><span class='ocrx_word' id='word_1_314' title='bbox 125 3411 205 3490; x_wconf 87' lang='lat' dir='ltr'><strong>prius</strong></span> <span class='ocrx_word' id='word_1_315' title='bbox 216 3412 389 3488; x_wconf 89' lang='lat' dir='ltr'><strong>innuentem,</strong></span> <span class='ocrx_word' id='word_1_316' title='bbox 405 3427 461 3471; x_wconf 89' lang='lat' dir='ltr'><strong>nec</strong></span> <span class='ocrx_word' id='word_1_317' title='bbox 471 3418 596 3474; x_wconf 86' lang='lat' dir='ltr'><strong>moratus</strong></span> <span class='ocrx_word' id='word_1_318' title='bbox 606 3410 682 3473; x_wconf 90' lang='lat' dir='ltr'><strong>tollit</strong></span> <span class='ocrx_word' id='word_1_319' title='bbox 694 3411 788 3472; x_wconf 91' lang='lat' dir='ltr'><strong>lumen</strong></span> <span class='ocrx_word' id='word_1_320' title='bbox 804 3420 833 3471; x_wconf 91' lang='lat' dir='ltr'><strong>et</strong></span> <span class='ocrx_word' id='word_1_321' title='bbox 846 3411 986 3490; x_wconf 89' lang='lat' dir='ltr'><strong>sequitur.</strong></span> <span class='ocrx_word' id='word_1_322' title='bbox 1007 3409 1070 3472; x_wconf 87' lang='lat' dir='ltr'><strong>Ibat</strong></span> <span class='ocrx_word' id='word_1_323' title='bbox 1081 3408 1172 3472; x_wconf 86' lang='lat' dir='ltr'><strong>illalo</strong></span> 
     </span>
     <span class='ocr_line' id='line_1_39' title="bbox 125 3491 1129 3574; baseline -0.004 -20"><span class='ocrx_word' id='word_1_324' title='bbox 125 3493 204 3554; x_wconf 88' lang='lat' dir='ltr'><strong>lento</strong></span> <span class='ocrx_word' id='word_1_325' title='bbox 220 3493 320 3572; x_wconf 66' lang='lat' dir='ltr'><strong>gradu</strong></span> <span class='ocrx_word' id='word_1_326' title='bbox 338 3496 418 3574; x_wconf 89' lang='lat' dir='ltr'><strong>quasi</strong></span> <span class='ocrx_word' id='word_1_327' title='bbox 432 3491 527 3572; x_wconf 83' lang='lat' dir='ltr'><strong>gravis</strong></span> <span class='ocrx_word' id='word_1_328' title='bbox 541 3494 678 3556; x_wconf 78' lang='lat' dir='ltr'><strong>vinculis:</strong></span> <span class='ocrx_word' id='word_1_329' title='bbox 703 3504 853 3574; x_wconf 89' lang='lat' dir='ltr'><strong>postquam</strong></span> <span class='ocrx_word' id='word_1_330' title='bbox 868 3493 985 3556; x_wconf 83' lang='lat' dir='ltr'><strong>deflexit</strong></span> <span class='ocrx_word' id='word_1_331' title='bbox 996 3494 1024 3554; x_wconf 92' lang='lat' dir='ltr'><strong>in</strong></span> <span class='ocrx_word' id='word_1_332' title='bbox 1035 3509 1129 3552; x_wconf 87' lang='lat' dir='ltr'><strong>arcam</strong></span> 
     </span>
    </p>
   </div>
   <div class='ocr_carea' id='block_1_3' title="bbox 0 0 1306 3972">
    <p class='ocr_par' dir='ltr' id='par_1_3' title="bbox 0 0 1306 3972">
     <span class='ocr_line' id='line_1_40' title="bbox 0 0 1306 3972; baseline 0 1"><span class='ocrx_word' id='word_1_333' title='bbox 0 0 1306 3972; x_wconf 95' lang='lat' dir='ltr'><strong> </strong></span> 
     </span>
    </p>
   </div>
  </div>
 </body>
</html>
