2580 3970
413 216 678 280 PANEGYRIGUS
696 228 740 283 75.
753 228 797 284 76.
810 229 854 284 77.
1071 223 1134 287 287

135 364 252 427 bantur?
274 366 371 429 Ceteri
388 369 500 448 quidem
518 370 603 430 delixi
619 379 648 430 et
664 373 772 432 attoniti
786 374 876 450 ipsam
890 373 965 433 illam
981 385 1084 436 mutam
1101 395 1134 440 ac

134 449 320 512 sedentariam
339 453 514 514 adsentiendi
535 456 736 514 necessitatem
755 472 813 533 quo
835 473 899 515 cum
919 456 1018 519 dolore
1038 462 1133 538 animi,

133 551 190 613 quc
206 553 270 595 eum
284 539 370 597 totius
388 539 518 616 corporis
533 537 653 597 horrore
669 539 919 616 perpetiebantur!
946 540 1026 603 Unus
1041 543 1134 604 solus·

132 636 189 696 que
212 620 348 680 censebat
369 621 445 698 quod
461 629 651 700 sequerentur
665 638 763 682 omnes
779 632 809 683 et
825 640 924 684 omnes
938 625 1132 705 inprobarum,

105 704 161 768 1711
177 702 276 778 primis
289 703 352 783 ipse
364 705 413 783 qui
427 714 589 765 censuerat.
609 704 693 764 Adeo
705 703 781 765 nulla
791 709 882 785 magis
894 709 1023 769 omnibus
1035 709 1133 788 displi-

132 795 198 845 cent
214 803 296 863 quam
312 803 384 866 quae
400 788 444 848 sic
458 789 526 848 liunt
540 797 679 867 tamquam
695 790 824 849 omnibus
838 788 977 869 placeant.
997 791 1132 854 Fortasse

131 870 285 948 imperator
304 872 332 930 in
353 880 453 932 senatu
467 870 502 930 ad
517 873 784 933 reverentiameins
803 874 1033 953 conponebatnr:
1055 886 1133 937 cete·

129 971 191 1012 111111
204 971 341 1030 egressus
357 955 451 1016 statim
461 973 493 1015 se
504 955 663 1034 recipiebat
674 957 702 1014 in
715 957 884 1035 principem,
901 959 1052 1037 omniaque
1065 977 1131 1020 con·

131 1034 235 1097 sularia
256 1037 351 1098 oliicia
368 1038 499 1114 abicere,
521 1037 697 1116 neglegere,
720 1049 903 1102 contemnere
925 1041 1045 1102 solebat.
1078 1042 1131 1103 llle

88 1135 122 1186 ιο
131 1137 201 1180 uero
216 1121 254 1180 ita
269 1121 370 1182 consul
387 1131 418 1182 ut
433 1124 577 1182 sitantum
592 1121 692 1183 consul
708 1120 793 1201 foret,
810 1124 879 1185 nibil
890 1125 961 1185 inira
972 1144 1005 1185 se
1018 1127 1133 1204 putabat

129 1205 184 1264 nisi
203 1203 280 1282 quod
298 1205 370 1266 711711
384 1205 533 1266 consulem
547 1214 637 1266 11117.
666 1205 711 1266 Ac
727 1209 845 1285 primum
857 1210 896 1268 ita
909 1207 993 1270 domo
1012 1226 1132 1288 progre-

130 1287 260 1347 diebatur
275 1297 305 1348 ut
318 1288 397 1349 illum
411 1288 505 1349 nullus
517 1297 667 1369 apparatus
678 1289 861 1368 adrogantiae
876 1292 1053 1371 principalis,
1068 1292 1132 1353 nul·

129 1370 175 1432 lus
187 1387 406 1450 praecursorum
416 1372 551 1434 tumultus
566 1372 715 1434 detineret.
725 1445 729 1453 Ι
738 1374 800 1436 Una
815 1384 875 1436 erat
888 1378 917 1435 in
931 1375 1027 1435 limine
1041 1393 1131 1454 mora,

130 1454 294 1516 consultare
314 1475 383 1518 aves
397 1458 583 1535 revererique
597 1459 739 1517 numinum
753 1461 885 1520 monitus.
915 1457 1006 1520 Nemo
1022 1471 1133 1538 protur-

85 1540 268 1616 tetstatur,
291 1557 374 1601 nemo
390 1541 634 1601 summovebantur:
654 1550 730 1601 tanta
745 1543 900 1602 viatoribus
916 1545 1015 1621 quies,
1039 1552 1132 1605 tantus

132 1622 225 1702 pudor
239 1623 365 1685 fascibus
376 1633 406 1684 ut
420 1624 590 1704 plerumque
607 1623 698 1684 aliena
714 1626 794 1687 turba
811 1627 969 1688 subsistere
984 1637 1014 1687 et
1030 1645 1132 1688 consu·

128 1708 187 1768 lem
204 1717 233 1767 et
253 1707 412 1787 principem
432 1718 560 1786 cogeret.
593 1706 689 1787 Ipsius
704 1709 818 1788 quidem
832 1709 957 1772 cilicium
974 1720 1030 1772 tam
1043 1712 1131 1772 modi-

130 1809 211 1868 cum,
236 1801 293 1852 tam
308 1801 495 1871 temperatum
515 1801 546 1851 ut
564 1795 697 1871 antiquus
717 1792 820 1871 aliquis
841 1812 1015 1874 magnusque
1031 1795 1131 1854 consul

129 1876 182 1935 117
195 1875 274 1935 bono
288 1876 419 1954 principe
435 1874 570 1935 incedere
584 1876 739 1936 videretur.
773 1874 832 1937 lter
849 1876 891 1937 illi
912 1879 1028 1954 saepius
1047 1880 1075 1937 in
1088 1877 1131 1937 io·

82 1973 206 2036 borum,
228 1959 394 2038 frequenter
406 1967 499 2019 tamen
509 1967 539 2018 et
551 1961 580 2017 in
595 1977 731 2038 eampum.
768 1959 839 2019 Nam
854 1962 966 2020 comitia
981 1960 1130 2021 consulum
1142 1965 1181 2031 77

128 2043 225 2104 obibat
245 2045 323 2121 ipse:
347 2052 453 2104 tantum
472 2061 509 2102 en
529 2045 734 2104 renuntiatione
755 2059 853 2104 eornm
875 2044 1028 2123 voluptatis
1044 2062 1129 2123 quan-

129 2137 187 2188 tum
200 2129 279 2205 prius
291 2143 330 2188 111
342 2127 530 2188 destinatione
545 2129 687 2205 capiebat.
715 2127 830 2188 Stabunt
844 2127 985 2188 candidati
1000 2139 1065 2188 ante
1082 2146 1130 2188 111-

128 2211 219 2271 rulem
235 2212 389 2290 principis,
414 2221 445 2272 ut
465 2212 529 2288 ipse
550 2219 614 2271 ante
630 2209 757 2273 consulis
771 2219 906 2288 steterat,
932 2210 1130 2289 adigebantur·

130 2313 188 2374 que
202 2296 330 2355 inverba
344 2298 371 2355 in
386 2313 459 2374 quae
475 2292 560 2372 paulo
582 2304 647 2355 ante
667 2297 731 2373 ipse
752 2296 892 2356 iuraverat
911 2298 1061 2375 princeps,
1082 2297 1131 2374 qui

82 2387 236 2444 botuntum
256 2389 336 2458 putat
355 2398 423 2440 esse
444 2380 472 2438 in
492 2380 554 2437 iure
573 2378 690 2440 iurando
710 2377 828 2439 utillud
850 2389 879 2440 et
892 2380 928 2439 ab
945 2379 1008 2440 aliis
1024 2381 1130 2457 exigat.

127 2462 249 2542 Reliqua
263 2481 329 2548 pars
343 2462 400 2523 diei
416 2461 546 2522 tribunali
560 2461 684 2525 dabatur.
707 2461 750 2524 Ibi
765 2480 835 2523 vero
852 2473 953 2542 quanta
964 2463 1068 2541 religio
1083 2481 1130 2523 ae-

129 2547 257 2625 quitatis!
273 2556 376 2626 quanta
390 2544 488 2624 legum
498 2546 672 2607 reverentia!
689 2546 793 2607 numus
804 2546 905 2626 aliquis
918 2557 947 2608 ut
959 2549 1130 2626 principem:

128 2630 323 2707 respondebat
338 2648 371 2690 se
388 2629 536 2690 consulem
549 2646 626 2690 esee.
649 2628 760 2690 Nullius
777 2632 812 2691 ab
828 2648 864 2690 co
878 2633 1056 2707 magistratus
1074 2631 1129 2706 711,

127 2713 233 2775 nullius
254 2716 407 2775 auctoritas
424 2714 557 2774 inminuta
575 2722 638 2790 est,
664 2723 746 2774 aucta
761 2715 857 2782 etiam;
884 2714 1022 2791 siqnidem
1038 2712 1130 2790 plera·

83 2807 185 2877 30111
205 2797 240 2858 ad
263 2797 413 2878 praetores
432 2797 610 2873 remittebat,
636 2806 720 2876 atque
740 2798 780 2857 ita
800 2807 830 2857 ut
850 2796 979 2873 collegas
999 2805 1128 2872 vocaret,

128 2899 185 2943 non
200 2884 266 2959 quia
283 2881 427 2962 populare
437 2891 604 2960 gratumque
618 2881 813 2958 audientibus,
827 2881 880 2941 sed
890 2883 958 2958 'quia
973 2881 1131 2941 ita-sentie-

129 2966 185 3048 bat.
210 2963 327 3026 'l'antum
342 2965 511 3044 dignationis
526 2967 630 3042 inipso
641 2965 749 3026 honore
761 2966 887 3042 ponebat
898 2973 994 3024 utnon
1011 2963 1130 3043 amplius

128 3068 197 3111 esse
209 3060 344 3111 censeret
357 3050 433 3130 qnod
444 3049 547 3128 aliquis
556 3048 671 3126 collega
683 3047 876 3128 appellaretur
887 3050 1040 3126 aprincipe
1049 3065 1131 3126 quam

129 3133 206 3212 quod
222 3143 338 3214 praetor
351 3143 440 3195 11117.
459 3133 505 3194 Ad
520 3133 576 3194 hoc
591 3143 646 3194 tam
659 3132 793 3194 adsiduus
807 3135 834 3192 in
849 3131 979 3193 tribunali
991 3141 1021 3192 ut
1032 3131 1130 3192 labore

85 3219 208 3281 31117717
229 3237 264 3280 ac
283 3220 408 3298 reparari
422 3217 577 3278 videretur.
612 3216 682 3290 Quis
697 3226 824 3278 nostrum
837 3215 913 3276 idem
929 3233 1029 3290 curae,
1056 3213 1131 3274 idem

22 3332 26 3340 ·
128 3302 242 3363 sudoris
256 3297 389 3363 insumit?
407 3304 471 3381 quis
485 3301 558 3362 adeo
573 3302 707 3380 expetitis
721 3299 876 3361 bonoribus
888 3308 934 3358 aut
945 3297 1071 3358 deservit
1084 3305 1132 3358 ant

128 3383 255 3447 1117771777
274 3385 394 3447 7111111
409 3403 530 3464 aequum
544 3394 590 3446 est
604 3395 709 3446 tantum
723 3386 829 3446 ceteris
844 3392 990 3463 praestare
1008 3379 1132 3442 consuli·

128 3469 183 3531 bus
202 3470 296 3551 ipsum
316 3471 364 3549 qui
381 3469 515 3532 consules
532 3468 612 3530 iacit:
634 3470 740 3549 quippe
758 3469 842 3529 etiam
859 3466 969 3527 iortuna
984 3464 1134 3524 videbatur
