2580 3970
193 245 255 308 288
619 242 652 305 G.
666 243 765 306 PLINl

193 399 346 475 indiguum,
363 396 387 456 si
398 405 497 474 posset
508 394 633 456 bonores
644 395 710 456 dare
723 399 771 474 qui
781 415 886 475 gerere
898 413 954 456 non
968 405 1077 475 posset.
1093 393 1196 456 Factu-

192 501 241 542 rus
257 479 391 540 consules
403 479 522 556 doceat,
538 481 757 557 accepturisque
769 479 972 559 amplissimum
982 481 1119 540 bonorem
1131 496 1198 557 per·

194 564 310 627 suadeat
324 564 398 623 scire
416 582 449 624 se
467 563 534 641 quid
548 563 586 622 sit
600 563 676 641 quod
693 563 783 623 dabit:
805 567 846 624 sic
865 565 939 624 litut
955 563 995 623 illi
1012 581 1126 641 quoque
1141 562 1198 624 sci·

193 659 240 710 ent
255 647 322 726 quid
335 648 506 725 acceperint.
675 670 679 676 ⁴

143 733 183 798 78
256 731 321 805 Quo
341 731 442 790 iustius
462 739 577 790 senatus
595 739 625 790 ut
647 733 814 809 susciperes
830 739 959 810 quartum
975 731 1150 791 consulatum
1168 739 1223 792 et5

194 816 305 894 mgarit
326 823 355 873 et
376 815 468 874 iussit.
503 812 617 891 Imperii
634 813 691 874 hcc
711 816 846 892 verbum,
874 831 930 874 non
946 813 1114 875 adulationis
1129 831 1197 874 csse

195 901 334 977 obsequio
350 907 399 958 too
414 896 518 975 crede,
534 896 611 974 quod
621 915 678 958 non
692 898 745 958 alia
756 901 784 957 in
797 909 834 956 re·
843 900 933 975 magis
945 907 992 958 aut
1005 906 1120 958 senatus
1136 898 1197 956 exi·

194 1001 264 1061 gere
286 999 302 1041 a
325 991 354 1042 te
368 991 415 1042 aut
428 991 459 1041 tu
473 990 619 1060 praestare
635 984 745 1043 senatui
761 981 860 1042 debes.
887 981 925 1042 Ut
943 983 1018 1043 enim
1033 990 1197 1040 ceterorum

194 1067 335 1127 hominum
347 1066 384 1124 ita
399 1066 568 1144 principum,
583 1064 696 1124 illorum
709 1067 795 1125 etiam
810 1066 857 1144 qui
872 1064 909 1123 dii
925 1066 979 1126 sibi
991 1065 1133 1140 videntur,
1150 1081 1197 1123 ec-

194 1167 259 1209 ιιιιιι
269 1166 351 1208 omne
363 1158 392 1209 et
400 1148 693 1226 breveetlragileest.
707 1148 807 1228 ltaque
815 1149 950 1227 optimum
958 1165 1099 1227 quemque
1111 1148 1160 1206 niti
1168 1155 1198 1206 et
1206 1157 1238 1208 lc

196 1231 369 1294 contendere
378 1232 463 1293 decet
471 1241 501 1292 ut
510 1241 576 1310 post
587 1250 621 1292 se
630 1250 744 1311 quoque
753 1233 796 1292 rei
806 1230 936 1312 publicae
951 1233 1053 1310 prosit,
1068 1229 1197 1290 modern·

194 1317 279 1376 tionis
295 1315 406 1376 scilicet
424 1316 605 1394 iustitiaeque
622 1318 827 1394 monumentis,
845 1333 918 1393 quae
937 1315 1055 1394 plurima
1070 1323 1198 1374 statuere

196 1399 295 1460 consul
306 1407 413 1478 potest.
429 1397 508 1460 llaec
520 1415 623 1480 nempe
633 1401 751 1460 intentio
763 1410 810 1460 tua
822 1407 852 1460 ut
860 1397 1020 1460 libertatem
1028 1415 1154 1458 revoces
1162 1415 1198 1458 ac

193 1481 1198 1561 reduces.Quemergohonoremmagisamare‚quodnomenusnrparc

195 1567 308 1645 saepius
321 1565 410 1627 debes
424 1583 507 1644 qnam
520 1565 596 1645 quod
614 1568 732 1644 primum
750 1569 856 1627 invenit
874 1574 1043 1644 recuperata
1056 1561 1239 1626 libertas?15

193 1649 310 1709 Nonest
323 1650 414 1709 minus
427 1647 512 1709 civile
519 1660 549 1711 et
558 1651 719 1728 principem
731 1667 798 1711 esse
806 1650 946 1729 peniteret
957 1647 1105 1710 consulent
1112 1666 1198 1725 quam

194 1741 299 1794 tantum
311 1731 467 1793 consulem.
480 1731 576 1792 llabes
586 1735 669 1792 etiam
675 1733 1007 1794 rationemrerecundiee
1021 1731 1199 1810 collegarum

193 1827 316 1894 tuorum,
330 1815 505 1893 collegarum
512 1818 639 1895 inquam:
655 1819 693 1878 ita
705 1818 780 1878 enim
792 1826 821 1876 et
832 1818 895 1897 ipse
906 1816 1035 1894 loqueris
1046 1825 1076 1877 et
1089 1833 1141 1876 nos
1152 1815 1198 1874 lo-

194 1903 241 1980 qui
254 1902 307 1960 vis.
329 1899 457 1961 Onerosa
470 1901 523 1959 erit
534 1899 691 1962 modestiae
704 1899 816 1961 illorum
828 1902 905 1962 tertii
919 1899 1082 1962 consulatus
1095 1900 1138 1960 sui
1150 1918 1198 1959 re-

194 1983 332 2060 cordatio,
346 1984 438 2044 donec
448 1992 476 2043 te
489 1985 607 2061 saepius
619 1984 764 2046 consulem
771 1984 891 2046 videant.
902 1982 1003 2062 Neque
1013 1985 1088 2044 enim
1098 1993 1199 2062 potest
1208 1991 1241 2044 2ο

193 2085 249 2128 non
261 2069 373 2126 nimium
384 2086 450 2129 esse
466 2070 582 2146 privatis
597 2067 673 2146 quod
688 2070 809 2148 principi
823 2070 891 2130 satis
907 2077 961 2130 est.
979 2066 1105 2145 Adnues,
1123 2064 1199 2126 Cae·

193 2170 249 2228 sar,
264 2152 437 2229 optantibus,
450 2151 610 2230 quibusque
618 2151 693 2230 apud
706 2152 777 2212 deos
788 2151 892 2214 adesse
905 2152 1061 2226 consuesti,
1076 2167 1199 2228 quorum

142 2239 182 2304 79
193 2245 278 2313 potes
292 2237 356 2314 ipse
372 2245 502 2296 votomm
514 2244 653 2313 conpotes
669 2236 767 2296 iacias.
791 2233 853 2295 Tibi
866 2235 989 2296 fortasse
1001 2234 1123 2296 sufficiat
1137 2242 1197 2294 ter·

192 2321 247 2377 tius
268 2318 448 2380 consulatus:
474 2317 527 2378 sed
547 2318 628 2379 nobis
643 2328 720 2380 tauto
735 2319 826 2380 minus
842 2319 957 2380 suflicit.
976 2317 1031 2379 llle
1045 2336 1099 2379 nos
1113 2319 1198 2378 insti·
1268 2361 1269 2366 ι

193 2403 244 2460 tuit
265 2411 294 2460 et
308 2401 414 2460 induxit
428 2410 458 2460 ut
475 2409 505 2460 te
523 2404 624 2461 iterum
639 2404 797 2481 iterumque
812 2400 960 2462 consulem
976 2402 1083 2463 babere
1098 2403 1196 2480 cupia·
1185 2411 1238 2462 25

191 2503 264 2543 mus
293 2483 453 2543 Remissius
468 2483 544 2542 istud
560 2484 814 2563 contenderemus,
837 2506 861 2546 ιι
854 2485 967 2546 adbuc
984 2503 1041 2546 non
1055 2487 1195 2547 sciremus

193 2565 282 2645 qualis
299 2585 382 2628 esses
399 2567 517 2626 iuturus.
546 2564 735 2628 Tolerabilius
750 2567 802 2630 luit
818 2553 1043 2649 experimentum
1055 2570 1095 2629 tui
1109 2569 1195 2628 nobis

192 2668 276 2729 quam
293 2669 374 2712 usum
394 2651 501 2727 negari.
533 2650 689 2712 Dabiturne
703 2671 802 2713 rursus
816 2653 915 2714 videre
930 2651 1077 2714 consulem
1090 2649 1195 2712 illum?

191 2734 313 2814 Audiet,
338 2734 440 2795 reddet
461 2752 532 2813 quas
553 2737 680 2814 proxime
700 2753 807 2814 voces,
832 2737 1046 2815 praestabitque
1060 2734 1195 2814 gaudium

192 2828 322 2898 quamum
337 2821 401 2896 ipsc
417 2815 579 2897 percipiet?
594 2819 770 2881 Praesidebit
786 2819 911 2882 laetitiae
928 2819 1078 2899 publicae,
1093 2828 1239 2880 auctorat)

192 2905 253 2964 eius
263 2913 291 2962 et
300 2919 395 2977 causa,
410 2902 887 2982 temptabitqueadlectnsnostros,
902 2915 932 2964 ut
941 2903 1027 2981 solet,
1042 2902 1191 2978 cohibere,

192 3004 247 3045 nec
261 2982 386 3063 poterit?
408 2987 506 3063 pietati
520 2995 635 3046 senatus
652 3004 715 3046 cum
731 2986 869 3050 modestia
886 2989 1022 3066 principis
1038 2985 1109 3046 felix
1124 3003 1193 3064 spe·

193 3071 358 3146 ciosumque
375 3078 534 3147 certamen,
550 3087 603 3130 sen
614 3068 699 3130 luerit
709 3072 784 3132 victa
795 3089 847 3132 seu
862 3074 973 3132 vicerit.
994 3069 1138 3149 Equidem
1150 3073 1193 3129 in·

192 3155 333 3251 cognitam
353 3151 490 3230 quandam
510 3154 696 3254 proximaque
717 3157 851 3216 maiorem
873 3171 1023 3234 praesumo
1047 3153 1190 3215 laetitiam.

192 3234 262 3308 Quis
278 3237 352 3294 enim
368 3247 413 3298 est
429 3246 484 3296 tam
497 3236 662 3298 inbecillc'
654 3241 785 3337 ingenio,
810 3240 858 3319 qui
879 3257 936 3300 non
951 3247 1027 3300 tanto
1043 3237 1235 3300 meliorem35

192 3316 339 3379 consulem
353 3329 451 3398 speret
466 3330 569 3398 quanto
585 3323 701 3401 saepius
715 3319 821 3384 luerit?
840 3322 922 3383 Alius
938 3323 1070 3398 labores,
1093 3323 1189 3382 sinon

192 3404 324 3462 continuo
336 3421 370 3462 se
383 3402 507 3464 desidiae
521 3422 555 3465 ac
566 3404 704 3485 voluptati
718 3405 856 3484 dedisset,
873 3409 931 3468 otio
947 3417 1039 3468 tamen
1055 3415 1085 3467 et
1094 3407 1191 3484 quiete

189 3493 366 3547 recreasset:
388 3485 435 3546 bic
457 3487 651 3550 consularibus
674 3491 749 3550 curis
764 3452 929 3568 exsolutus,
957 3489 1131 3570 principales
1145 3506 1191 3549 re-
