<?xml version="1.0" encoding="UTF-8"?>
<!DOCTYPE html PUBLIC "-//W3C//DTD XHTML 1.0 Transitional//EN"
    "http://www.w3.org/TR/xhtml1/DTD/xhtml1-transitional.dtd">
<html xmlns="http://www.w3.org/1999/xhtml" xml:lang="en" lang="en">
 <head>
  <title>
</title>
<meta http-equiv="Content-Type" content="text/html;charset=utf-8" />
  <meta name='ocr-system' content='tesseract 3.04.00' />
  <meta name='ocr-capabilities' content='ocr_page ocr_carea ocr_par ocr_line ocrx_word'/>
</head>
<body>
  <div class='ocr_page' id='page_1' title='image "./cplinicaecilise05plingoog_0185.png"; bbox 0 0 2604 3972; ppageno 0'>
   <div class='ocr_carea' id='block_1_1' title="bbox 163 267 738 368">
    <p class='ocr_par' dir='ltr' id='par_1_1' title="bbox 163 267 738 368">
     <span class='ocr_line' id='line_1_1' title="bbox 163 267 738 368; baseline -0.012 -21"><span class='ocrx_word' id='word_1_1' title='bbox 163 267 226 348; x_wconf 81' lang='lat'>154</span> <span class='ocrx_word' id='word_1_2' title='bbox 476 359 480 368; x_wconf 30' lang='lat'>‚</span> <span class='ocrx_word' id='word_1_3' title='bbox 586 279 618 341; x_wconf 88' lang='lat' dir='ltr'>o.</span> <span class='ocrx_word' id='word_1_4' title='bbox 642 279 738 341; x_wconf 84' lang='lat' dir='ltr'>rum</span> 
     </span>
    </p>
   </div>
   <div class='ocr_carea' id='block_1_2' title="bbox 122 428 1192 830">
    <p class='ocr_par' dir='ltr' id='par_1_2' title="bbox 122 428 1192 830">
     <span class='ocr_line' id='line_1_2' title="bbox 163 428 1163 513; baseline -0.008 -17"><span class='ocrx_word' id='word_1_5' title='bbox 163 434 280 496; x_wconf 88' lang='lat' dir='ltr'>saeculo</span> <span class='ocrx_word' id='word_1_6' title='bbox 299 444 343 497; x_wconf 89' lang='lat' dir='ltr'>est</span> <span class='ocrx_word' id='word_1_7' title='bbox 357 433 524 513; x_wconf 71' lang='lat' dir='ltr'><strong>gratulatus,</strong></span> <span class='ocrx_word' id='word_1_8' title='bbox 540 435 586 493; x_wconf 92' lang='lat' dir='ltr'>cui</span> <span class='ocrx_word' id='word_1_9' title='bbox 595 430 758 512; x_wconf 82' lang='lat' dir='ltr'>exemplum</span> <span class='ocrx_word' id='word_1_10' title='bbox 769 431 828 510; x_wconf 88' lang='lat' dir='ltr'>(sic</span> <span class='ocrx_word' id='word_1_11' title='bbox 841 431 915 491; x_wconf 89' lang='lat' dir='ltr'>enim</span> <span class='ocrx_word' id='word_1_12' title='bbox 928 429 1058 508; x_wconf 76' lang='lat' dir='ltr'><strong>scripsit)</strong></span> <span class='ocrx_word' id='word_1_13' title='bbox 1071 428 1163 490; x_wconf 87' lang='lat' dir='ltr'>simile</span> 
     </span>
     <span class='ocr_line' id='line_1_3' title="bbox 122 511 1164 598; baseline -0.011 -16"><span class='ocrx_word' id='word_1_14' title='bbox 122 529 155 582; x_wconf 92' lang='lat'>10</span> <span class='ocrx_word' id='word_1_15' title='bbox 165 521 285 598; x_wconf 80' lang='lat' dir='ltr'><strong>antiquis</strong></span> <span class='ocrx_word' id='word_1_16' title='bbox 303 520 481 595; x_wconf 75' lang='lat' dir='ltr'>contigisset.</span> <span class='ocrx_word' id='word_1_17' title='bbox 509 514 605 594; x_wconf 86' lang='lat' dir='ltr'>llaec,</span> <span class='ocrx_word' id='word_1_18' title='bbox 620 524 773 594; x_wconf 84' lang='lat' dir='ltr'>utcumque</span> <span class='ocrx_word' id='word_1_19' title='bbox 787 533 820 575; x_wconf 86' lang='lat' dir='ltr'>sc</span> <span class='ocrx_word' id='word_1_20' title='bbox 833 513 955 591; x_wconf 86' lang='lat' dir='ltr'>habent,</span> <span class='ocrx_word' id='word_1_21' title='bbox 979 515 1090 574; x_wconf 87' lang='lat' dir='ltr'>notiora</span> <span class='ocrx_word' id='word_1_22' title='bbox 1105 511 1164 572; x_wconf 86' lang='lat' dir='ltr'>cla·</span> 
     </span>
     <span class='ocr_line' id='line_1_4' title="bbox 162 596 1163 678; baseline -0.008 -16"><span class='ocrx_word' id='word_1_23' title='bbox 162 604 237 662; x_wconf 84' lang='lat' dir='ltr'>riora</span> <span class='ocrx_word' id='word_1_24' title='bbox 258 601 362 662; x_wconf 89' lang='lat' dir='ltr'>maiora</span> <span class='ocrx_word' id='word_1_25' title='bbox 375 610 405 661; x_wconf 90' lang='lat' dir='ltr'>tu</span> <span class='ocrx_word' id='word_1_26' title='bbox 422 600 526 660; x_wconf 86' lang='lat' dir='ltr'>iacies:</span> <span class='ocrx_word' id='word_1_27' title='bbox 550 615 715 678; x_wconf 84' lang='lat' dir='ltr'>quamquam</span> <span class='ocrx_word' id='word_1_28' title='bbox 729 615 786 658; x_wconf 95' lang='lat' dir='ltr'>non</span> <span class='ocrx_word' id='word_1_29' title='bbox 796 599 883 675; x_wconf 75' lang='lat' dir='ltr'>exigo</span> <span class='ocrx_word' id='word_1_30' title='bbox 898 606 929 658; x_wconf 92' lang='lat' dir='ltr'>ut</span> <span class='ocrx_word' id='word_1_31' title='bbox 942 596 1066 658; x_wconf 77' lang='lat' dir='ltr'><strong>excedas</strong></span> <span class='ocrx_word' id='word_1_32' title='bbox 1080 604 1163 656; x_wconf 87' lang='lat' dir='ltr'>actae</span> 
     </span>
     <span class='ocr_line' id='line_1_5' title="bbox 163 679 1164 758; baseline -0.006 -14"><span class='ocrx_word' id='word_1_33' title='bbox 163 686 205 746; x_wconf 91' lang='lat' dir='ltr'>rei</span> <span class='ocrx_word' id='word_1_34' title='bbox 225 685 347 746; x_wconf 87' lang='lat' dir='ltr'>modurn.</span> <span class='ocrx_word' id='word_1_35' title='bbox 377 682 448 743; x_wconf 88' lang='lat' dir='ltr'>Nam</span> <span class='ocrx_word' id='word_1_36' title='bbox 468 699 524 743; x_wconf 94' lang='lat' dir='ltr'>nec</span> <span class='ocrx_word' id='word_1_37' title='bbox 543 682 660 744; x_wconf 85' lang='lat' dir='ltr'>historia</span> <span class='ocrx_word' id='word_1_38' title='bbox 680 681 766 742; x_wconf 90' lang='lat' dir='ltr'>debet</span> <span class='ocrx_word' id='word_1_39' title='bbox 783 680 883 758; x_wconf 78' lang='lat' dir='ltr'>egredi</span> <span class='ocrx_word' id='word_1_40' title='bbox 899 681 1048 740; x_wconf 87' lang='lat' dir='ltr'>veritatem</span> <span class='ocrx_word' id='word_1_41' title='bbox 1064 687 1094 740; x_wconf 89' lang='lat' dir='ltr'>et</span> <span class='ocrx_word' id='word_1_42' title='bbox 1111 679 1164 738; x_wconf 89' lang='lat' dir='ltr'>ho·</span> 
     </span>
     <span class='ocr_line' id='line_1_6' title="bbox 162 763 1192 830; baseline -0.009 -2"><span class='ocrx_word' id='word_1_43' title='bbox 162 777 245 830; x_wconf 87' lang='lat' dir='ltr'>nesta</span> <span class='ocrx_word' id='word_1_44' title='bbox 260 769 342 829; x_wconf 87' lang='lat' dir='ltr'>lactis</span> <span class='ocrx_word' id='word_1_45' title='bbox 357 767 462 827; x_wconf 85' lang='lat' dir='ltr'>ueritas</span> <span class='ocrx_word' id='word_1_46' title='bbox 477 763 591 826; x_wconf 83' lang='lat' dir='ltr'>suflicit.</span> <span class='ocrx_word' id='word_1_47' title='bbox 624 764 706 825; x_wconf 85' lang='lat' dir='ltr'>Vale.</span> <span class='ocrx_word' id='word_1_48' title='bbox 1173 767 1192 819; x_wconf 81' lang='lat'>5</span> 
     </span>
    </p>
   </div>
   <div class='ocr_carea' id='block_1_3' title="bbox 554 915 765 926">
    <p class='ocr_par' dir='ltr' id='par_1_3' title="bbox 554 915 765 926">
     <span class='ocr_line' id='line_1_7' title="bbox 554 915 765 926; baseline -0.024 0"><span class='ocrx_word' id='word_1_49' title='bbox 554 915 765 926; x_wconf 72' lang='lat'><em>...—-.-·-——--</em></span> 
     </span>
    </p>
   </div>
   <div class='ocr_carea' id='block_1_4' title="bbox 278 1049 1292 1340">
    <p class='ocr_par' dir='ltr' id='par_1_4' title="bbox 278 1049 1292 1340">
     <span class='ocr_line' id='line_1_8' title="bbox 379 1049 1292 1152; baseline -0.009 -13"><span class='ocrx_word' id='word_1_50' title='bbox 379 1049 953 1141; x_wconf 83' lang='lat' dir='ltr'>o.mmrcmou1suouuo1</span> <span class='ocrx_word' id='word_1_51' title='bbox 1291 1127 1292 1152; x_wconf 20' lang='lat' dir='ltr'>p</span> 
     </span>
     <span class='ocr_line' id='line_1_9' title="bbox 278 1191 1292 1340; baseline -0.008 0"><span class='ocrx_word' id='word_1_52' title='bbox 278 1221 1046 1340; x_wconf 79' lang='lat' dir='ltr'>urrsuuuuuuu</span> <span class='ocrx_word' id='word_1_53' title='bbox 1175 1191 1210 1243; x_wconf 86' lang='lat'>¹⁰</span> <span class='ocrx_word' id='word_1_54' title='bbox 1291 1205 1292 1268; x_wconf 61' lang='lat'>*</span> 
     </span>
    </p>
   </div>
   <div class='ocr_carea' id='block_1_5' title="bbox 511 1411 801 1470">
    <p class='ocr_par' dir='ltr' id='par_1_5' title="bbox 511 1411 801 1470">
     <span class='ocr_line' id='line_1_10' title="bbox 511 1411 801 1470; baseline -0.014 0"><span class='ocrx_word' id='word_1_55' title='bbox 511 1415 609 1470; x_wconf 85' lang='lat' dir='ltr'>LIBER</span> <span class='ocrx_word' id='word_1_56' title='bbox 631 1411 801 1468; x_wconf 78' lang='lat' dir='ltr'>OCTAVUS.</span> 
     </span>
    </p>
   </div>
   <div class='ocr_carea' id='block_1_6' title="bbox 439 1558 892 1708">
    <p class='ocr_par' dir='ltr' id='par_1_6' title="bbox 439 1558 892 1708">
     <span class='ocr_line' id='line_1_11' title="bbox 648 1558 670 1619; baseline -0.091 0"><span class='ocrx_word' id='word_1_57' title='bbox 648 1558 670 1619; x_wconf 87' lang='lat'>1.</span> 
     </span>
     <span class='ocr_line' id='line_1_12' title="bbox 439 1654 892 1708; baseline -0.007 0"><span class='ocrx_word' id='word_1_58' title='bbox 439 1657 466 1708; x_wconf 83' lang='lat' dir='ltr'>G.</span> <span class='ocrx_word' id='word_1_59' title='bbox 485 1657 611 1708; x_wconf 87' lang='lat' dir='ltr'>PLINIUS</span> <span class='ocrx_word' id='word_1_60' title='bbox 629 1655 772 1708; x_wconf 73' lang='lat' dir='ltr'>sepulcro</span> <span class='ocrx_word' id='word_1_61' title='bbox 790 1654 850 1706; x_wconf 86' lang='lat' dir='ltr'>SUO</span> <span class='ocrx_word' id='word_1_62' title='bbox 866 1654 892 1705; x_wconf 91' lang='lat' dir='ltr'>S.</span> 
     </span>
    </p>
   </div>
   <div class='ocr_carea' id='block_1_7' title="bbox 139 1755 1167 1916">
    <p class='ocr_par' dir='ltr' id='par_1_7' title="bbox 139 1755 1292 2058">
     <span class='ocr_line' id='line_1_13' title="bbox 139 1755 1166 1837; baseline 0 -19"><span class='ocrx_word' id='word_1_63' title='bbox 139 1783 155 1834; x_wconf 90' lang='lat'>1</span> <span class='ocrx_word' id='word_1_64' title='bbox 226 1757 286 1820; x_wconf 92' lang='lat' dir='ltr'>Iter</span> <span class='ocrx_word' id='word_1_65' title='bbox 302 1759 450 1820; x_wconf 86' lang='lat' dir='ltr'>commode</span> <span class='ocrx_word' id='word_1_66' title='bbox 466 1758 604 1837; x_wconf 84' lang='lat' dir='ltr'>explicui,</span> <span class='ocrx_word' id='word_1_67' title='bbox 622 1767 747 1835; x_wconf 82' lang='lat' dir='ltr'>excepto</span> <span class='ocrx_word' id='word_1_68' title='bbox 763 1755 962 1836; x_wconf 83' lang='lat' dir='ltr'>quodquidam</span> <span class='ocrx_word' id='word_1_69' title='bbox 977 1773 1014 1816; x_wconf 87' lang='lat' dir='ltr'>ex</span> <span class='ocrx_word' id='word_1_70' title='bbox 1030 1759 1102 1819; x_wconf 90' lang='lat' dir='ltr'>meis</span> <span class='ocrx_word' id='word_1_71' title='bbox 1118 1759 1166 1818; x_wconf 89' lang='lat' dir='ltr'>ad-</span> 
     </span>
     <span class='ocr_line' id='line_1_14' title="bbox 139 1840 1167 1916; baseline -0.001 -14"><span class='ocrx_word' id='word_1_72' title='bbox 139 1861 277 1916; x_wconf 68' lang='lat' dir='ltr'>prensam</span> <span class='ocrx_word' id='word_1_73' title='bbox 291 1842 471 1904; x_wconf 85' lang='lat' dir='ltr'>valitudinem</span> <span class='ocrx_word' id='word_1_74' title='bbox 485 1841 702 1902; x_wconf 74' lang='lat' dir='ltr'>ferventissimis</span> <span class='ocrx_word' id='word_1_75' title='bbox 719 1840 845 1901; x_wconf 86' lang='lat' dir='ltr'>aestibus</span> <span class='ocrx_word' id='word_1_76' title='bbox 870 1847 1077 1900; x_wconf 84' lang='lat' dir='ltr'>contraxerunt.</span> <span class='ocrx_word' id='word_1_77' title='bbox 1107 1840 1167 1902; x_wconf 81' lang='lat' dir='ltr'>En·</span> 
     </span>
    </p>
   </div>
   <div class='ocr_carea' id='block_1_8' title="bbox 1174 1617 1209 1668">
    <p class='ocr_par' dir='ltr' id='par_1_8' title="bbox 1174 1617 1209 1668">
     <span class='ocr_line' id='line_1_15' title="bbox 1174 1617 1209 1668; baseline 0 0"><span class='ocrx_word' id='word_1_78' title='bbox 1174 1617 1209 1668; x_wconf 81' lang='lat'>15</span> 
     </span>
    </p>
   </div>
   <div class='ocr_carea' id='block_1_9' title="bbox 137 1921 1210 2588">
    <p class='ocr_par' dir='ltr' id='par_1_9' title="bbox 162 1921 1210 2251">
     <span class='ocr_line' id='line_1_16' title="bbox 166 1921 1166 2006; baseline -0.001 -20"><span class='ocrx_word' id='word_1_79' title='bbox 166 1926 277 2006; x_wconf 88' lang='lat' dir='ltr'>colpius</span> <span class='ocrx_word' id='word_1_80' title='bbox 292 1925 407 2006; x_wconf 85' lang='lat' dir='ltr'>quidem</span> <span class='ocrx_word' id='word_1_81' title='bbox 418 1924 528 2004; x_wconf 88' lang='lat' dir='ltr'>lector,</span> <span class='ocrx_word' id='word_1_82' title='bbox 543 1923 592 1985; x_wconf 89' lang='lat' dir='ltr'>ille</span> <span class='ocrx_word' id='word_1_83' title='bbox 609 1925 684 1986; x_wconf 89' lang='lat' dir='ltr'>seria</span> <span class='ocrx_word' id='word_1_84' title='bbox 698 1932 811 2000; x_wconf 86' lang='lat' dir='ltr'>nostra,</span> <span class='ocrx_word' id='word_1_85' title='bbox 827 1921 876 1982; x_wconf 88' lang='lat' dir='ltr'>illc</span> <span class='ocrx_word' id='word_1_86' title='bbox 892 1921 1027 2001; x_wconf 87' lang='lat' dir='ltr'>deliciae,</span> <span class='ocrx_word' id='word_1_87' title='bbox 1043 1939 1166 2004; x_wconf 83' lang='lat' dir='ltr'>exaspe-</span> 
     </span>
     <span class='ocr_line' id='line_1_17' title="bbox 162 2004 1210 2089; baseline -0.002 -19"><span class='ocrx_word' id='word_1_88' title='bbox 162 2013 230 2071; x_wconf 90' lang='lat' dir='ltr'>ratis</span> <span class='ocrx_word' id='word_1_89' title='bbox 245 2009 374 2070; x_wconf 87' lang='lat' dir='ltr'>faucibus</span> <span class='ocrx_word' id='word_1_90' title='bbox 385 2009 505 2089; x_wconf 83' lang='lat' dir='ltr'>pulvere</span> <span class='ocrx_word' id='word_1_91' title='bbox 517 2010 682 2087; x_wconf 79' lang='lat' dir='ltr'>sanguinem</span> <span class='ocrx_word' id='word_1_92' title='bbox 695 2009 805 2068; x_wconf 88' lang='lat' dir='ltr'>reiecit.</span> <span class='ocrx_word' id='word_1_93' title='bbox 828 2004 918 2079; x_wconf 83' lang='lat' dir='ltr'>Quam</span> <span class='ocrx_word' id='word_1_94' title='bbox 930 2006 1011 2068; x_wconf 88' lang='lat' dir='ltr'>triste</span> <span class='ocrx_word' id='word_1_95' title='bbox 1026 2006 1082 2067; x_wconf 89' lang='lat' dir='ltr'>hoc</span> <span class='ocrx_word' id='word_1_96' title='bbox 1096 2009 1163 2088; x_wconf 87' lang='lat' dir='ltr'>ipsi,</span> <span class='ocrx_word' id='word_1_97' title='bbox 1174 2029 1210 2082; x_wconf 71' lang='lat'>20</span> 
     </span>
     <span class='ocr_line' id='line_1_18' title="bbox 164 2088 1165 2172; baseline 0.001 -20"><span class='ocrx_word' id='word_1_98' title='bbox 164 2112 246 2172; x_wconf 87' lang='lat' dir='ltr'>quam</span> <span class='ocrx_word' id='word_1_99' title='bbox 260 2093 395 2154; x_wconf 90' lang='lat' dir='ltr'>acerbum</span> <span class='ocrx_word' id='word_1_100' title='bbox 409 2092 491 2171; x_wconf 87' lang='lat' dir='ltr'>mihi,</span> <span class='ocrx_word' id='word_1_101' title='bbox 516 2094 541 2154; x_wconf 88' lang='lat' dir='ltr'>si</span> <span class='ocrx_word' id='word_1_102' title='bbox 554 2093 579 2154; x_wconf 91' lang='lat' dir='ltr'>is</span> <span class='ocrx_word' id='word_1_103' title='bbox 595 2093 640 2152; x_wconf 92' lang='lat' dir='ltr'>cui</span> <span class='ocrx_word' id='word_1_104' title='bbox 656 2093 746 2151; x_wconf 89' lang='lat' dir='ltr'>omnis</span> <span class='ocrx_word' id='word_1_105' title='bbox 764 2108 802 2151; x_wconf 82' lang='lat' dir='ltr'>ex</span> <span class='ocrx_word' id='word_1_106' title='bbox 816 2088 916 2150; x_wconf 89' lang='lat' dir='ltr'>studiis</span> <span class='ocrx_word' id='word_1_107' title='bbox 932 2091 1021 2166; x_wconf 62' lang='lat' dir='ltr'>matie</span> <span class='ocrx_word' id='word_1_108' title='bbox 1034 2088 1165 2153; x_wconf 84' lang='lat' dir='ltr'>inhabilis</span> 
     </span>
     <span class='ocr_line' id='line_1_19' title="bbox 164 2170 1167 2251; baseline 0 -15"><span class='ocrx_word' id='word_1_109' title='bbox 164 2176 263 2237; x_wconf 90' lang='lat' dir='ltr'>studiis</span> <span class='ocrx_word' id='word_1_110' title='bbox 284 2175 384 2237; x_wconf 85' lang='lat' dir='ltr'>luerit!</span> <span class='ocrx_word' id='word_1_111' title='bbox 406 2175 477 2250; x_wconf 82' lang='lat' dir='ltr'>Quis</span> <span class='ocrx_word' id='word_1_112' title='bbox 498 2174 599 2237; x_wconf 87' lang='lat' dir='ltr'>deinde</span> <span class='ocrx_word' id='word_1_113' title='bbox 619 2174 735 2236; x_wconf 90' lang='lat' dir='ltr'>libellos</span> <span class='ocrx_word' id='word_1_114' title='bbox 754 2190 835 2234; x_wconf 90' lang='lat' dir='ltr'>meos</span> <span class='ocrx_word' id='word_1_115' title='bbox 857 2173 901 2234; x_wconf 86' lang='lat' dir='ltr'>sio</span> <span class='ocrx_word' id='word_1_116' title='bbox 915 2170 1013 2251; x_wconf 83' lang='lat' dir='ltr'>leget,</span> <span class='ocrx_word' id='word_1_117' title='bbox 1033 2176 1077 2236; x_wconf 91' lang='lat' dir='ltr'>sic</span> <span class='ocrx_word' id='word_1_118' title='bbox 1092 2193 1167 2236; x_wconf 88' lang='lat' dir='ltr'>ama·</span> 
     </span>
    </p>

    <p class='ocr_par' dir='ltr' id='par_1_10' title="bbox 137 2253 1207 2588">
     <span class='ocr_line' id='line_1_20' title="bbox 137 2253 1166 2338; baseline -0.003 -16"><span class='ocrx_word' id='word_1_119' title='bbox 137 2257 225 2322; x_wconf 78' lang='lat' dir='ltr'>abiut</span> <span class='ocrx_word' id='word_1_120' title='bbox 242 2277 328 2338; x_wconf 91' lang='lat' dir='ltr'>quem</span> <span class='ocrx_word' id='word_1_121' title='bbox 339 2276 423 2320; x_wconf 86' lang='lat' dir='ltr'>aures</span> <span class='ocrx_word' id='word_1_122' title='bbox 438 2277 519 2320; x_wconf 87' lang='lat' dir='ltr'>meae</span> <span class='ocrx_word' id='word_1_123' title='bbox 533 2262 576 2320; x_wconf 90' lang='lat' dir='ltr'>sic</span> <span class='ocrx_word' id='word_1_124' title='bbox 589 2253 767 2336; x_wconf 79' lang='lat' dir='ltr'>sequentur?</span> <span class='ocrx_word' id='word_1_125' title='bbox 789 2254 847 2318; x_wconf 78' lang='lat' dir='ltr'>sed</span> <span class='ocrx_word' id='word_1_126' title='bbox 865 2255 902 2315; x_wconf 90' lang='lat' dir='ltr'>dii</span> <span class='ocrx_word' id='word_1_127' title='bbox 916 2254 1035 2317; x_wconf 88' lang='lat' dir='ltr'>laetiora</span> <span class='ocrx_word' id='word_1_128' title='bbox 1048 2261 1166 2338; x_wconf 91' lang='lat' dir='ltr'>promit·</span> 
     </span>
     <span class='ocr_line' id='line_1_21' title="bbox 161 2339 1163 2422; baseline 0 -20"><span class='ocrx_word' id='word_1_129' title='bbox 161 2351 233 2403; x_wconf 90' lang='lat' dir='ltr'>tunt.</span> <span class='ocrx_word' id='word_1_130' title='bbox 266 2341 351 2403; x_wconf 88' lang='lat' dir='ltr'>Stetit</span> <span class='ocrx_word' id='word_1_131' title='bbox 369 2343 484 2419; x_wconf 80' lang='lat' dir='ltr'>sanguis</span> <span class='ocrx_word' id='word_1_132' title='bbox 492 2356 507 2419; x_wconf 81' lang='grc'>,·</span> <span class='ocrx_word' id='word_1_133' title='bbox 514 2341 622 2403; x_wconf 88' lang='lat' dir='ltr'>resedit</span> <span class='ocrx_word' id='word_1_134' title='bbox 634 2339 726 2401; x_wconf 85' lang='lat' dir='ltr'>dolor.</span> <span class='ocrx_word' id='word_1_135' title='bbox 757 2339 909 2400; x_wconf 86' lang='lat' dir='ltr'>Praeterea</span> <span class='ocrx_word' id='word_1_136' title='bbox 924 2341 1071 2402; x_wconf 88' lang='lat' dir='ltr'>continens</span> <span class='ocrx_word' id='word_1_137' title='bbox 1085 2343 1163 2422; x_wconf 89' lang='lat' dir='ltr'>ipse,</span> 
     </span>
     <span class='ocr_line' id='line_1_22' title="bbox 162 2422 1207 2502; baseline 0.002 -18"><span class='ocrx_word' id='word_1_138' title='bbox 162 2441 215 2485; x_wconf 91' lang='lat' dir='ltr'>nos</span> <span class='ocrx_word' id='word_1_139' title='bbox 231 2423 358 2501; x_wconf 72' lang='lat' dir='ltr'>solliciti,</span> <span class='ocrx_word' id='word_1_140' title='bbox 370 2424 473 2484; x_wconf 87' lang='lat' dir='ltr'>medici</span> <span class='ocrx_word' id='word_1_141' title='bbox 490 2422 651 2502; x_wconf 73' lang='lat' dir='ltr'>diligentes.</span> <span class='ocrx_word' id='word_1_142' title='bbox 672 2422 718 2482; x_wconf 82' lang='lat' dir='ltr'>Ad</span> <span class='ocrx_word' id='word_1_143' title='bbox 730 2423 788 2484; x_wconf 88' lang='lat' dir='ltr'>hoe</span> <span class='ocrx_word' id='word_1_144' title='bbox 798 2422 948 2486; x_wconf 72' lang='lat' dir='ltr'>salubritas</span> <span class='ocrx_word' id='word_1_145' title='bbox 964 2424 1047 2502; x_wconf 81' lang='lat' dir='ltr'>caeli,</span> <span class='ocrx_word' id='word_1_146' title='bbox 1063 2441 1163 2486; x_wconf 87' lang='lat' dir='ltr'>seces·</span> <span class='ocrx_word' id='word_1_147' title='bbox 1173 2441 1207 2494; x_wconf 72' lang='lat'>25</span> 
     </span>
     <span class='ocr_line' id='line_1_23' title="bbox 163 2505 1066 2588; baseline 0 -22"><span class='ocrx_word' id='word_1_148' title='bbox 163 2524 224 2586; x_wconf 88' lang='lat' dir='ltr'>sus,</span> <span class='ocrx_word' id='word_1_149' title='bbox 240 2507 322 2586; x_wconf 88' lang='lat' dir='ltr'>quies</span> <span class='ocrx_word' id='word_1_150' title='bbox 336 2515 441 2567; x_wconf 87' lang='lat' dir='ltr'>tantum</span> <span class='ocrx_word' id='word_1_151' title='bbox 459 2506 558 2568; x_wconf 88' lang='lat' dir='ltr'>salutis</span> <span class='ocrx_word' id='word_1_152' title='bbox 573 2514 704 2585; x_wconf 88' lang='lat' dir='ltr'>quantum</span> <span class='ocrx_word' id='word_1_153' title='bbox 719 2507 768 2566; x_wconf 91' lang='lat' dir='ltr'>otii</span> <span class='ocrx_word' id='word_1_154' title='bbox 783 2505 965 2588; x_wconf 79' lang='lat' dir='ltr'>pollicentur.</span> <span class='ocrx_word' id='word_1_155' title='bbox 985 2506 1066 2568; x_wconf 86' lang='lat' dir='ltr'>Vale.</span> 
     </span>
    </p>
   </div>
   <div class='ocr_carea' id='block_1_10' title="bbox 436 2639 892 2794">
    <p class='ocr_par' dir='ltr' id='par_1_11' title="bbox 436 2639 892 2794">
     <span class='ocr_line' id='line_1_24' title="bbox 643 2639 679 2700; baseline -0.028 0"><span class='ocrx_word' id='word_1_156' title='bbox 643 2639 679 2700; x_wconf 93' lang='lat'>11.</span> 
     </span>
     <span class='ocr_line' id='line_1_25' title="bbox 436 2737 892 2794; baseline 0.011 -5"><span class='ocrx_word' id='word_1_157' title='bbox 436 2738 462 2793; x_wconf 87' lang='lat' dir='ltr'>c.</span> <span class='ocrx_word' id='word_1_158' title='bbox 480 2738 605 2791; x_wconf 79' lang='lat' dir='ltr'>nmmos</span> <span class='ocrx_word' id='word_1_159' title='bbox 624 2737 770 2790; x_wconf 79' lang='lat' dir='ltr'>cALvlslo</span> <span class='ocrx_word' id='word_1_160' title='bbox 789 2738 849 2790; x_wconf 85' lang='lat' dir='ltr'>suo</span> <span class='ocrx_word' id='word_1_161' title='bbox 865 2738 892 2794; x_wconf 73' lang='lat' dir='ltr'>s,</span> 
     </span>
    </p>
   </div>
   <div class='ocr_carea' id='block_1_11' title="bbox 136 2839 1292 3586">
    <p class='ocr_par' dir='ltr' id='par_1_12' title="bbox 137 2839 1207 3086">
     <span class='ocr_line' id='line_1_26' title="bbox 137 2839 1207 2920; baseline 0.001 -16"><span class='ocrx_word' id='word_1_162' title='bbox 137 2853 153 2904; x_wconf 95' lang='lat' dir='ltr'>l</span> <span class='ocrx_word' id='word_1_163' title='bbox 225 2841 282 2900; x_wconf 80' lang='lat' dir='ltr'>Alii</span> <span class='ocrx_word' id='word_1_164' title='bbox 294 2841 323 2900; x_wconf 92' lang='lat' dir='ltr'>in</span> <span class='ocrx_word' id='word_1_165' title='bbox 336 2839 454 2920; x_wconf 88' lang='lat' dir='ltr'>praedia</span> <span class='ocrx_word' id='word_1_166' title='bbox 468 2857 520 2900; x_wconf 89' lang='lat' dir='ltr'>sua</span> <span class='ocrx_word' id='word_1_167' title='bbox 538 2840 774 2920; x_wconf 82' lang='lat' dir='ltr'>proficiscuntur,</span> <span class='ocrx_word' id='word_1_168' title='bbox 794 2849 825 2900; x_wconf 92' lang='lat' dir='ltr'>ut</span> <span class='ocrx_word' id='word_1_169' title='bbox 845 2839 1051 2918; x_wconf 77' lang='lat' dir='ltr'>locupletiores</span> <span class='ocrx_word' id='word_1_170' title='bbox 1064 2849 1207 2905; x_wconf 79' lang='lat' dir='ltr'>rever-³0</span> 
     </span>
     <span class='ocr_line' id='line_1_27' title="bbox 166 2922 1165 3002; baseline 0 -18"><span class='ocrx_word' id='word_1_171' title='bbox 166 2931 269 3000; x_wconf 89' lang='lat' dir='ltr'>tantur,</span> <span class='ocrx_word' id='word_1_172' title='bbox 285 2939 354 3001; x_wconf 79' lang='lat' dir='ltr'>ego,</span> <span class='ocrx_word' id='word_1_173' title='bbox 370 2932 401 2983; x_wconf 92' lang='lat' dir='ltr'>ut</span> <span class='ocrx_word' id='word_1_174' title='bbox 415 2925 576 3002; x_wconf 80' lang='lat' dir='ltr'>pauperior.</span> <span class='ocrx_word' id='word_1_175' title='bbox 603 2922 792 2984; x_wconf 87' lang='lat' dir='ltr'>Vendideram</span> <span class='ocrx_word' id='word_1_176' title='bbox 802 2922 957 2985; x_wconf 84' lang='lat' dir='ltr'>vindemias</span> <span class='ocrx_word' id='word_1_177' title='bbox 972 2924 1099 2984; x_wconf 75' lang='lat' dir='ltr'>tonatim</span> <span class='ocrx_word' id='word_1_178' title='bbox 1113 2940 1165 2984; x_wconf 82' lang='lat' dir='ltr'>ne·</span> 
     </span>
     <span class='ocr_line' id='line_1_28' title="bbox 163 3005 1165 3086; baseline 0 -20"><span class='ocrx_word' id='word_1_179' title='bbox 163 3005 351 3085; x_wconf 79' lang='lat' dir='ltr'>gotiatoribus</span> <span class='ocrx_word' id='word_1_180' title='bbox 372 3006 545 3066; x_wconf 87' lang='lat' dir='ltr'>ementibus.</span> <span class='ocrx_word' id='word_1_181' title='bbox 574 3005 712 3068; x_wconf 84' lang='lat' dir='ltr'>invitabat</span> <span class='ocrx_word' id='word_1_182' title='bbox 733 3008 872 3086; x_wconf 85' lang='lat' dir='ltr'>pretium,</span> <span class='ocrx_word' id='word_1_183' title='bbox 897 3014 928 3067; x_wconf 90' lang='lat' dir='ltr'>et</span> <span class='ocrx_word' id='word_1_184' title='bbox 949 3006 1024 3084; x_wconf 89' lang='lat' dir='ltr'>quod</span> <span class='ocrx_word' id='word_1_185' title='bbox 1047 3015 1115 3066; x_wconf 86' lang='lat' dir='ltr'>tuno</span> <span class='ocrx_word' id='word_1_186' title='bbox 1134 3015 1165 3066; x_wconf 86' lang='lat' dir='ltr'>ot</span> 
     </span>
    </p>

    <p class='ocr_par' dir='ltr' id='par_1_13' title="bbox 136 3081 1292 3418">
     <span class='ocr_line' id='line_1_29' title="bbox 136 3081 1292 3170; baseline -0.003 -16"><span class='ocrx_word' id='word_1_187' title='bbox 136 3089 240 3170; x_wconf 68' lang='lat' dir='ltr'>equod</span> <span class='ocrx_word' id='word_1_188' title='bbox 259 3087 321 3148; x_wconf 88' lang='lat' dir='ltr'>lore</span> <span class='ocrx_word' id='word_1_189' title='bbox 339 3087 496 3148; x_wconf 83' lang='lat' dir='ltr'>ridebatur.</span> <span class='ocrx_word' id='word_1_190' title='bbox 528 3089 604 3169; x_wconf 91' lang='lat' dir='ltr'>Spes</span> <span class='ocrx_word' id='word_1_191' title='bbox 622 3088 735 3151; x_wconf 84' lang='lat' dir='ltr'>fefellit.</span> <span class='ocrx_word' id='word_1_192' title='bbox 769 3089 838 3152; x_wconf 83' lang='lat' dir='ltr'>Erat</span> <span class='ocrx_word' id='word_1_193' title='bbox 855 3089 1021 3170; x_wconf 82' lang='lat' dir='ltr'>expeditum</span> <span class='ocrx_word' id='word_1_194' title='bbox 1034 3089 1165 3151; x_wconf 85' lang='lat' dir='ltr'>omnibus</span> <span class='ocrx_word' id='word_1_195' title='bbox 1291 3081 1292 3136; x_wconf 76' lang='lat' dir='ltr'>l</span> 
     </span>
     <span class='ocr_line' id='line_1_30' title="bbox 162 3170 1292 3252; baseline 0 -20"><span class='ocrx_word' id='word_1_196' title='bbox 162 3174 309 3233; x_wconf 86' lang='lat' dir='ltr'>remittere</span> <span class='ocrx_word' id='word_1_197' title='bbox 322 3170 495 3250; x_wconf 87' lang='lat' dir='ltr'>aequaliter,</span> <span class='ocrx_word' id='word_1_198' title='bbox 519 3170 571 3233; x_wconf 88' lang='lat' dir='ltr'>sed</span> <span class='ocrx_word' id='word_1_199' title='bbox 584 3187 641 3232; x_wconf 90' lang='lat' dir='ltr'>non</span> <span class='ocrx_word' id='word_1_200' title='bbox 652 3175 719 3234; x_wconf 89' lang='lat' dir='ltr'>satis</span> <span class='ocrx_word' id='word_1_201' title='bbox 730 3189 859 3252; x_wconf 90' lang='lat' dir='ltr'>aequum.</span> <span class='ocrx_word' id='word_1_202' title='bbox 889 3171 957 3233; x_wconf 81' lang='lat' dir='ltr'>mm</span> <span class='ocrx_word' id='word_1_203' title='bbox 973 3181 1067 3232; x_wconf 82' lang='lat' dir='ltr'>autem</span> <span class='ocrx_word' id='word_1_204' title='bbox 1080 3189 1165 3250; x_wconf 79' lang='lat' dir='ltr'>egre·</span> <span class='ocrx_word' id='word_1_205' title='bbox 1291 3181 1292 3184; x_wconf 76' lang='grc'>’</span> 
     </span>
     <span class='ocr_line' id='line_1_31' title="bbox 163 3253 1209 3335; baseline 0.002 -22"><span class='ocrx_word' id='word_1_206' title='bbox 163 3258 242 3333; x_wconf 80' lang='lat' dir='ltr'>gium</span> <span class='ocrx_word' id='word_1_207' title='bbox 257 3257 285 3315; x_wconf 94' lang='lat' dir='ltr'>in</span> <span class='ocrx_word' id='word_1_208' title='bbox 298 3256 396 3334; x_wconf 91' lang='lat' dir='ltr'>primis</span> <span class='ocrx_word' id='word_1_209' title='bbox 409 3253 538 3332; x_wconf 74' lang='lat' dir='ltr'>videtur,</span> <span class='ocrx_word' id='word_1_210' title='bbox 558 3264 588 3315; x_wconf 92' lang='lat' dir='ltr'>ut</span> <span class='ocrx_word' id='word_1_211' title='bbox 608 3256 678 3317; x_wconf 91' lang='lat' dir='ltr'>loris</span> <span class='ocrx_word' id='word_1_212' title='bbox 695 3258 734 3318; x_wconf 91' lang='lat' dir='ltr'>ita</span> <span class='ocrx_word' id='word_1_213' title='bbox 754 3257 845 3335; x_wconf 80' lang='lat' dir='ltr'>(lomi,</span> <span class='ocrx_word' id='word_1_214' title='bbox 866 3266 897 3317; x_wconf 90' lang='lat' dir='ltr'>ut</span> <span class='ocrx_word' id='word_1_215' title='bbox 917 3258 946 3316; x_wconf 93' lang='lat' dir='ltr'>in</span> <span class='ocrx_word' id='word_1_216' title='bbox 959 3258 1068 3333; x_wconf 75' lang='lat' dir='ltr'>magnis</span> <span class='ocrx_word' id='word_1_217' title='bbox 1081 3257 1120 3316; x_wconf 90' lang='lat' dir='ltr'>ita</span> <span class='ocrx_word' id='word_1_218' title='bbox 1135 3258 1209 3325; x_wconf 75' lang='lat' dir='ltr'>inas</span> 
     </span>
     <span class='ocr_line' id='line_1_32' title="bbox 165 3337 1166 3418; baseline 0.002 -20"><span class='ocrx_word' id='word_1_219' title='bbox 165 3340 278 3417; x_wconf 84' lang='lat' dir='ltr'>parvis,</span> <span class='ocrx_word' id='word_1_220' title='bbox 298 3339 371 3398; x_wconf 91' lang='lat' dir='ltr'>utin</span> <span class='ocrx_word' id='word_1_221' title='bbox 385 3337 485 3399; x_wconf 79' lang='lat' dir='ltr'>aliems</span> <span class='ocrx_word' id='word_1_222' title='bbox 499 3340 538 3398; x_wconf 88' lang='lat' dir='ltr'>ita</span> <span class='ocrx_word' id='word_1_223' title='bbox 552 3341 582 3398; x_wconf 92' lang='lat' dir='ltr'>in</span> <span class='ocrx_word' id='word_1_224' title='bbox 595 3340 671 3416; x_wconf 87' lang='lat' dir='ltr'>suis,</span> <span class='ocrx_word' id='word_1_225' title='bbox 694 3341 803 3418; x_wconf 76' lang='lat' dir='ltr'>agitare</span> <span class='ocrx_word' id='word_1_226' title='bbox 816 3341 958 3401; x_wconf 83' lang='lat' dir='ltr'>iustitiam.</span> <span class='ocrx_word' id='word_1_227' title='bbox 986 3337 1057 3399; x_wconf 88' lang='lat' dir='ltr'>Nam</span> <span class='ocrx_word' id='word_1_228' title='bbox 1072 3341 1097 3400; x_wconf 90' lang='lat' dir='ltr'>si</span> <span class='ocrx_word' id='word_1_229' title='bbox 1115 3356 1166 3417; x_wconf 87' lang='lat' dir='ltr'>pa·</span> 
     </span>
    </p>

    <p class='ocr_par' dir='ltr' id='par_1_14' title="bbox 137 3422 1168 3586">
     <span class='ocr_line' id='line_1_33' title="bbox 137 3422 1166 3502; baseline -0.004 -16"><span class='ocrx_word' id='word_1_230' title='bbox 137 3423 205 3486; x_wconf 72' lang='lat' dir='ltr'>oria</span> <span class='ocrx_word' id='word_1_231' title='bbox 219 3430 357 3501; x_wconf 85' lang='lat' dir='ltr'>peccata,</span> <span class='ocrx_word' id='word_1_232' title='bbox 383 3438 468 3500; x_wconf 85' lang='lat' dir='ltr'>pares</span> <span class='ocrx_word' id='word_1_233' title='bbox 484 3423 569 3484; x_wconf 85' lang='lat' dir='ltr'>etiam</span> <span class='ocrx_word' id='word_1_234' title='bbox 582 3422 690 3485; x_wconf 81' lang='lat' dir='ltr'>laudes.</span> <span class='ocrx_word' id='word_1_235' title='bbox 722 3423 821 3502; x_wconf 81' lang='lat' dir='ltr'>ltaque</span> <span class='ocrx_word' id='word_1_236' title='bbox 838 3423 966 3484; x_wconf 89' lang='lat' dir='ltr'>omnibus</span> <span class='ocrx_word' id='word_1_237' title='bbox 981 3422 1111 3502; x_wconf 84' lang='lat' dir='ltr'>quidem,</span> <span class='ocrx_word' id='word_1_238' title='bbox 1127 3439 1166 3482; x_wconf 88' lang='lat' dir='ltr'>ne</span> 
     </span>
     <span class='ocr_line' id='line_1_34' title="bbox 165 3503 1168 3586; baseline 0.002 -22"><span class='ocrx_word' id='word_1_239' title='bbox 165 3506 228 3584; x_wconf 92' lang='lat' dir='ltr'>quis</span> <span class='ocrx_word' id='word_1_240' title='bbox 244 3504 313 3566; x_wconf 84' lang='lat' dir='ltr'>milri</span> <span class='ocrx_word' id='word_1_241' title='bbox 328 3521 385 3565; x_wconf 93' lang='lat' dir='ltr'>non</span> <span class='ocrx_word' id='word_1_242' title='bbox 398 3503 516 3567; x_wconf 84' lang='lat' dir='ltr'>donatus</span> <span class='ocrx_word' id='word_1_243' title='bbox 531 3506 639 3585; x_wconf 87' lang='lat' dir='ltr'>abiret,</span> <span class='ocrx_word' id='word_1_244' title='bbox 656 3515 767 3586; x_wconf 86' lang='lat' dir='ltr'>partem</span> <span class='ocrx_word' id='word_1_245' title='bbox 781 3515 909 3567; x_wconf 84' lang='lat' dir='ltr'>octavam</span> <span class='ocrx_word' id='word_1_246' title='bbox 923 3507 1009 3586; x_wconf 89' lang='lat' dir='ltr'>pretii</span> <span class='ocrx_word' id='word_1_247' title='bbox 1027 3522 1085 3584; x_wconf 86' lang='lat' dir='ltr'>quo</span> <span class='ocrx_word' id='word_1_248' title='bbox 1100 3504 1168 3584; x_wconf 84' lang='lat' dir='ltr'>quia</span> 
     </span>
    </p>
   </div>
   <div class='ocr_carea' id='block_1_12' title="bbox 0 0 1306 3972">
    <p class='ocr_par' dir='ltr' id='par_1_15' title="bbox 0 0 1306 3972">
     <span class='ocr_line' id='line_1_35' title="bbox 0 0 1306 3972; baseline 0 1"><span class='ocrx_word' id='word_1_249' title='bbox 0 0 1306 3972; x_wconf 95' lang='lat' dir='ltr'> </span> 
     </span>
    </p>
   </div>
  </div>
 </body>
</html>
