2584 3972
338 299 602 363 EPISTULARUM
615 300 664 362 Vl.
680 311 725 365 32.
741 311 785 366 33.
802 312 845 366 34.
1049 305 1111 369 131

110 451 274 529 induxerat,
297 451 473 531 quadruplici
493 453 598 515 iudicio
616 455 690 515 bono
704 464 821 535 patema
835 453 993 533 repetebat.
1023 457 1138 521 Sede-3

108 538 176 598 baut
198 544 310 596 centum
330 545 367 596 et
379 538 523 614 octogiuta
544 538 670 608 iudices;
690 547 733 599 tot
752 540 826 599 euim
841 547 973 617 quattuor
987 541 1113 601 consiliis

109 619 297 698 colliguntur:
317 622 421 698 ingens
435 622 575 700 utrimque
591 621 740 684 advocatio
757 631 787 682 et
799 639 950 684 numerosa
964 623 1112 702 subsellia,

107 713 259 784 praeterea
286 702 373 764 densa
400 706 638 766 circumstantium
663 723 768 767 corona
791 705 955 767 latissimum
979 706 1113 767 iudicium

84 787 259 866 5multipllci
277 787 384 848 circulo
402 789 532 850 ambibat.
564 788 610 848 Ad
630 790 688 851 boc
708 791 840 868 stipatum
861 789 998 868 tribunal,
1019 790 1138 870 adqucl

108 873 195 932 etiam
210 889 247 930 ex
263 872 412 951 superiore
425 871 562 934 basilicae
576 882 657 952 parte
679 892 734 954 qua
749 874 870 935 feminae
887 893 941 953 qua
954 875 1008 933 viri
1023 884 1051 934 et
1064 894 1112 935 au·

108 954 221 1031 dieudi,
244 955 321 1034 quod
335 954 469 1032 difficile,
493 965 522 1017 et
545 956 620 1036 quod
634 957 737 1036 facile,
752 957 864 1019 visendi
880 958 973 1019 studio
988 959 1113 1019 immine·

107 1040 185 1100 baut.
207 1037 308 1116 Magna
323 1042 502 1119 exspectatio
518 1051 645 1119 patrum,
655 1060 755 1120 magna
769 1041 898 1120 tiliarum,
916 1060 1015 1120 magna
1027 1042 1111 1102 etiarn

107 1140 306 1183 novercarum.
335 1122 456 1183 Secutus
477 1132 522 1185 est
536 1127 629 1186 varius
646 1134 774 1185 eventus.
804 1124 875 1185 Nam
890 1125 1000 1186 duobus
1018 1127 1135 1188 consi-5

66 1213 99 1264 10
108 1206 155 1267 liis
169 1207 298 1284 vicimus,
315 1206 433 1266 totidem
447 1208 516 1267 victi
531 1226 635 1269 sumus.
658 1208 798 1269 Notabilis
809 1226 928 1288 prorsus
943 1219 972 1270 et
987 1212 1055 1270 mira
1066 1228 1112 1270 ea-

107 1290 172 1351 dem
187 1291 215 1349 in
228 1308 324 1368 causa,
339 1289 430 1351 isdem
439 1290 590 1370 iudicibus,
605 1291 695 1353 isdem
704 1292 861 1370 advocatis,
871 1291 973 1352 eodem
981 1301 1111 1372 tempore

106 1382 182 1435 anta
198 1372 346 1435 diversitas
357 1374 471 1453 accidit,
488 1392 566 1454 casu,
582 1393 638 1435 non
654 1375 730 1457 quod
748 1393 831 1438 casus
841 1374 996 1436 videretur.
1026 1375 1137 1440 Victali

107 1467 154 1518 est
168 1476 308 1536 noverca,
326 1459 484 1539 ipsaheres
499 1469 630 1538 exparte
645 1468 744 1538 sexta,
765 1462 859 1520 victus
875 1459 1046 1537 Suberiuus,
1064 1462 1112 1540 qui

107 1540 298 1603 exheredatus
313 1552 419 1622 apatrc
436 1542 570 1621 singulari
585 1543 748 1622 inpudentia
762 1543 845 1604 alieni
859 1544 1036 1623 patrisboua
1050 1547 1111 1604 vin·

63 1635 96 1689 15
106 1624 228 1702 dicabat,
244 1642 301 1685 nou
315 1643 400 1687 ausus
416 1620 459 1685 sui
475 1634 584 1704 petere.
615 1626 694 1688 Haec
709 1629 759 1689 tibi
774 1628 906 1708 exposui,
923 1629 1058 1707 primurn,
1080 1635 1136 1689 uti

107 1729 145 1770 ex
162 1709 283 1789 epistula
297 1710 388 1770 scires
405 1728 477 1790 quae
492 1714 670 1772 exoratione
685 1730 742 1772 nou
755 1721 886 1792 poteras:
908 1711 1010 1773 deiude
1031 1712 1110 1791 (nam

107 1793 241 1871 detegam
254 1793 358 1872 artes),
380 1802 411 1853 ut
426 1795 580 1855 orationem
595 1795 731 1856 libentius
744 1795 877 1873 legeres,
899 1797 924 1856 si
939 1812 995 1855 non
1011 1795 1110 1873 legere

106 1878 158 1938 tibi
171 1877 223 1938 sed
238 1879 378 1938 interesse
390 1876 494 1937 iudicio
508 1877 661 1948 videreris;
683 1898 781 1958 quarn,
796 1882 833 1940 sit
846 1878 914 1940 licet
928 1897 1039 1958 magna,
1053 1896 1110 1939 non

107 1961 232 2041 despero
247 1962 364 2039 gratiam
378 1961 562 2023 brevissimae
578 1965 796 2042 impetraturam.
826 1961 897 2022 Nam
918 1972 946 2022 et
970 1965 1052 2041 copia
1066 1971 1138 2023 re=8

60 2061 168 2114 corum
185 2053 214 2106 et
229 2053 327 2123 arguta
342 2044 481 2106 divisione
498 2056 527 2107 et
542 2046 754 2107 narratiunculis
768 2045 896 2126 pluribus
913 2054 941 2104 et
957 2045 1110 2123 eloquendi

105 2130 244 2190 varietate
258 2137 419 2189 renovatur.
442 2129 513 2189 Sunt
527 2128 612 2189 multa
627 2130 699 2209 (non
714 2129 847 2189 auderem
861 2130 916 2189 nisi
930 2127 981 2187 trbi
995 2128 1108 2207 dicere)

106 2212 192 2291 elata,
209 2212 295 2272 multa
310 2215 464 2291 pugnacia,
486 2211 573 2272 multa
589 2212 710 2274 subtilia.
741 2211 895 2273 Intervenit
910 2213 984 2272 enim
998 2213 1136 2275 acribuslt
1235 2250 1237 2254 ·

105 2296 163 2358 illis
179 2305 209 2357 et
224 2297 329 2357 erectis
342 2296 479 2375 frequens
494 2298 652 2357 necessitas
669 2295 839 2374 conputandi
858 2315 891 2357 ac
905 2314 997 2375 paene
1014 2293 1108 2357 calcu·
1152 2347 1155 2352 ,

104 2381 152 2442 los
168 2380 348 2460 tabulamque
364 2379 520 2458 poscendi,
541 2391 572 2441 ut
585 2388 705 2459 repente
720 2382 747 2440 in
762 2381 864 2460 privati
879 2379 974 2440 iudicii
991 2380 1108 2441 formam

60 2463 307 2526 bucentumvirale
326 2473 460 2526 vertatur.
498 2463 636 2526 Dedimus
661 2463 726 2524 vela
752 2463 951 2543 indignationi,
979 2464 1107 2526 dedimus
1119 2473 1151 2526 lo

103 2552 175 2628 irae,
192 2548 321 2610 dedimus
332 2545 434 2627 dolori,
450 2557 480 2610 et
490 2551 519 2608 in
529 2546 700 2628 amplissima
715 2567 810 2626 causa,
826 2549 906 2628 quasi
915 2566 1017 2626 magno
1026 2551 1106 2626 mari,

104 2634 233 2713 pluribus
251 2633 343 2692 ventis
360 2650 456 2693 sumus
470 2634 556 2693 vecti.
577 2629 609 2691 ln
625 2651 742 2711 summa,
759 2631 855 2693 solent
868 2630 979 2711 quidam
991 2649 1028 2692 ex
1040 2650 1107 2692 con·
1117 2640 1149 2692 11

103 2715 300 2780 tubemalibus
319 2719 425 2777 nostris
440 2717 601 2778 existimare
616 2717 688 2777 banc
702 2718 877 2792 orationem,
890 2717 991 2776 iterum
1004 2715 1106 2788 dicam,

102 2813 134 2864 ut
147 2804 222 2863 inter
233 2819 328 2879 meas,
342 2791 387 2873 ὡς
397 2791 483 2881 ὑπὲρ
491 2800 731 2880 Κτησιφῶντος
746 2818 828 2861 esse:
843 2816 877 2859 an
886 2817 974 2876 vere,
986 2809 1016 2858 tu
1028 2798 1108 2858 lacil·
1223 2821 1225 2826 ·

58 2887 171 2956 solima
183 2885 334 2965 iudicabis,
350 2886 398 2965 qui
414 2895 469 2946 tarn
480 2884 643 2945 memoriter
653 2893 736 2945 tenes
748 2901 846 2945 omnes
858 2892 888 2944 ut
899 2882 1030 2944 couleme
1044 2901 1108 2944 cum

103 2971 168 3052 bac,
185 2970 251 3030 dum
261 2969 333 3029 hanc
349 2967 438 3030 solam
453 2969 540 3048 legis,
555 2970 663 3048 possis.
693 2968 774 3028 Vale.

533 3102 679 3164 ΧΧΧΙΙΗ.

385 3201 412 3252 c.
428 3202 552 3254 rumms
570 3201 701 3253 maxumo
720 3201 781 3252 suo
799 3200 826 3254 s,

56 3314 93 3368 35
164 3301 259 3363 Recte
283 3301 379 3363 iecisti
401 3302 477 3381 quod
498 3300 693 3380 gladiatorium
713 3319 812 3361 munus
830 3301 1043 3362 Veronensibus
1057 3315 1132 3367 no·l

102 3389 168 3449 stris
182 3387 349 3468 promisisti,
362 3404 378 3446 a
392 3387 493 3466 quibus
508 3385 574 3448 olirn
585 3389 695 3463 amaris,
713 3387 880 3465 suspiceris,
897 3386 1014 3446 ornaris.
1037 3384 1107 3446 lnde

102 3472 186 3534 etiam
201 3488 322 3532 uxorem
339 3471 509 3531 carissimam
523 3472 574 3531 tibi
590 3479 619 3532 et
635 3471 861 3550 probatissimam
877 3470 1007 3547 habuisti,
1027 3472 1107 3530 cuius

99 3557 256 3617 memoriae
270 3563 318 3616 aut
332 3571 405 3635 opus
420 3554 534 3635 aliquod
548 3564 595 3616 aut
611 3555 824 3635 spectaculum,
840 3553 1003 3672 adqueboc
1018 3553 1107 3631 potis·
