2580 3978
411 257 670 321 EPISTULARUM
686 258 735 318 lll.
757 270 782 322 9.
1061 258 1102 322 55

99 421 280 495 praesentem
294 412 463 491 perducere.
497 412 586 472 Dices
602 418 670 472 ‘non
685 411 737 472 luit
757 411 840 472 tanti:
865 411 932 491 quid
947 412 1020 472 enim
1035 411 1143 474 miliar

101 507 241 558 comtum
266 496 354 574 longa
381 493 541 574 epistulai’
569 494 666 555 Nolito
694 513 765 573 ergo
790 493 943 574 identidem
964 513 1102 575 quaerere

100 581 168 661 quid
187 580 295 642 Romae
317 589 441 658 geratur.
472 578 510 640 Et
529 590 622 641 tamen
642 589 784 640 memento
798 596 853 638 non
869 595 937 639 esse
953 579 1102 657 epistulam

99 666 214 743 longam
229 681 302 744 quae
317 671 359 724 tot
373 663 451 741 dies,
475 671 517 725 tot
539 663 734 742 cognitiones,
756 671 797 723 tot
818 662 941 742 denique
955 677 1022 722 reos
1038 681 1102 724 cau·

73 760 207 828 beasque
221 747 372 827 complexa
387 748 431 808 sit.
468 746 550 820 Quae
563 748 654 808 omnia
667 746 768 807 videor
780 746 848 807 mibi
861 763 918 806 non
933 747 1022 807 minus
1038 745 1145 811 bre-28

100 835 175 893 viter
197 850 280 912 quam
302 831 453 911 diligenter
472 842 653 910 persecutus.
692 830 812 890 Temere
833 830 889 893 dixi
911 829 1103 908 ‘diligenter’:

101 917 242 977 succurrit
256 914 333 994 quod
346 916 565 995 praeterieram,
588 924 617 974 et
633 914 746 992 quidem
761 931 845 991 sero,
869 915 921 975 sed
937 931 1103 993 quamquam

101 1007 305 1081 praepostere,
332 998 475 1060 reddetur.
511 998 591 1059 Facit
616 999 672 1059 boc
697 997 837 1058 llomerus
864 997 1001 1077 multique
1026 997 1102 1058 illius

102 1081 255 1162 exemplo,
278 1091 323 1142 est
346 1083 451 1162 alioqui
466 1082 671 1162 perdecorum,
692 1101 708 1142 a
723 1100 768 1142 me
784 1091 876 1142 tamen
891 1098 948 1142 non
963 1081 1029 1142 ideo
1045 1083 1101 1142 liet.

59 1167 126 1229 loll
148 1167 269 1228 testibus
291 1166 401 1246 quidam
420 1167 483 1226 sive
503 1167 607 1245 iratus,
630 1164 707 1246 quod
729 1176 865 1228 evocatus
886 1174 965 1226 esset
988 1167 1145 1243 invitus‚tlt

102 1253 164 1310 sive
178 1250 347 1311 subornatus
362 1251 398 1311 ab
413 1248 508 1329 aliquo
522 1267 646 1328 reorum,
662 1257 693 1309 ut
708 1251 917 1310 accusationem
933 1259 1101 1325 exemeret,

100 1334 264 1395 Norbanum
278 1333 457 1408 licinianum,
474 1333 597 1412 legatum
611 1343 641 1395 et
654 1334 865 1411 inquisitorem,
882 1351 962 1394 reum
976 1332 1104 1412 postula·

100 1418 152 1496 vit,
169 1428 308 1496 umquam
321 1418 351 1478 in
367 1435 452 1479 causa
466 1415 568 1478 (lastae
584 1419 671 1497 (uxor
685 1417 758 1478 baec
773 1415 910 1496 Classici)
926 1417 1103 1495 praevarica-

100 1512 188 1562 retur.
210 1500 263 1561 Est
285 1502 354 1581 lege
370 1510 481 1562 cautum
500 1511 611 1562 atreus
628 1510 694 1562 ante
708 1510 871 1580 peragatur,
887 1510 954 1563 tunc
969 1501 1146 1581 depraedat

61 1602 93 1653 15
101 1587 260 1646 rancatore
282 1595 448 1664 quaeratur,
476 1585 613 1646 videlicet
638 1587 702 1664 quia
724 1588 831 1665 optime
858 1604 895 1644 ex
920 1586 1102 1646 accusatione

101 1673 165 1748 ipsa
179 1672 353 1730 accusatoris
370 1669 441 1730 ludes
456 1671 627 1731 aestimatur.
648 1669 781 1730 Norbano
797 1679 888 1732 tamen
903 1686 960 1729 non
975 1670 1046 1729 ordo
1061 1669 1141 1734 le·3l

100 1756 156 1832 gis,
173 1770 230 1814 non
244 1752 332 1831 legati
347 1771 461 1832 nomen,
476 1770 532 1814 non
544 1754 731 1834 inquisitionis
743 1753 869 1814 officinm
880 1753 1023 1832 praesidio
1036 1753 1102 1812 luit:

100 1847 176 1899 tanta
192 1836 374 1915 conllugravit
389 1837 490 1898 invidia
505 1837 589 1898 bomo
609 1836 715 1916 alioqui
736 1837 894 1916 flagitiosus
910 1847 939 1898 et
953 1835 1103 1897 Domitiani

100 1921 276 2000 temporibus
298 1939 367 1981 usus
387 1930 417 1982 ut
437 1920 531 1998 multi,
555 1921 725 2000 electusque
740 1932 806 1982 tuno
822 1941 838 1983 a
853 1922 998 2001 provincia
1012 1921 1047 1982 ad
1062 1923 1103 1982 in·

58 2005 285 2086 acquirendum,
301 2021 359 2066 non
375 2014 512 2084 tamquam
527 2006 619 2066 bonus
635 2014 664 2066 et
679 2005 787 2083 lidelis,
803 2003 856 2066 sed
869 2011 1009 2084 tamquam
1023 2003 1103 2065 Glae-

100 2091 152 2150 sici
169 2089 307 2149 inimicus.
325 2088 395 2149 Erat
409 2089 444 2150 ab
458 2087 509 2149 illo
523 2089 678 2166 relegatus,
701 2089 768 2149 llari
784 2089 839 2149 sibi
853 2088 927 2148 diem
944 2096 973 2147 et
988 2086 1033 2148 edi
1049 2089 1145 2150 cri-32

99 2175 172 2234 mina
194 2172 372 2252 postulabat:
397 2183 527 2233 neutrum
548 2174 723 2252 impetravit,
746 2181 863 2232 coactus
886 2179 932 2231 est
950 2170 1044 2232 statim
1058 2189 1103 2230 re·

98 2256 260 2336 spondere;
281 2255 446 2336 respondit,
463 2255 566 2316 malum
580 2273 754 2336 pravumque
771 2257 914 2333 ingenium
929 2255 1048 2316 bominis
1064 2255 1103 2314 la·

99 2344 141 2402 cit
161 2350 192 2400 nt
213 2341 339 2402 dubitem
361 2341 536 2402 confidenter
556 2359 591 2400 an
613 2348 791 2416 constanter,
815 2347 898 2400 certe·
915 2341 1102 2421 paratissime.

59 2435 90 2490 aa
100 2425 223 2487 Obiecta
238 2434 302 2486 sunt
322 2424 408 2486 multa
423 2442 495 2505 quaa
510 2427 599 2503 magis
615 2442 698 2503 quam
712 2426 917 2505 praevaricatio
930 2433 1103 2485 nocuerunt:
1112 2430 1147 2484 33
1162 2475 1167 2484 .

100 2511 168 2589 quin
193 2510 276 2569 etiam
298 2508 354 2570 duo
374 2508 559 2587 consulares,
582 2508 754 2587 Pomponius
770 2508 862 2569 liuius
878 2517 907 2569 et
921 2508 991 2571 bibo
1006 2507 1102 2586 Frugi,

99 2593 248 2654 laeserunt
264 2611 328 2653 eum
344 2594 523 2670 testimonio,
544 2603 684 2673 tamquam
702 2592 777 2671 apud
798 2592 920 2654 iudicem
941 2593 993 2652 sub
1008 2591 1104 2652 Domi·

99 2679 177 2738 tiano
193 2674 272 2736 Salvi
286 2676 424 2739 liberalia
445 2676 659 2738 accusatoribus
680 2677 826 2737 adfuisset.
857 2676 1010 2736 Damnatus
1027 2685 1056 2736 et
1076 2677 1147 2736 in34

98 2759 221 2822 insulam
243 2761 389 2839 relegatus
411 2768 463 2820 est.
498 2760 597 2839 ltaque
618 2777 681 2820 cum
704 2758 816 2821 Castam
831 2776 1013 2834 accusarem,
1036 2757 1104 2818 nibil

58 2847 192 2923 aomagis
213 2848 308 2924 pressi
329 2862 412 2924 quam
433 2844 509 2923 quod
529 2853 679 2904 accusator
700 2845 760 2904 eius
781 2845 1028 2922 praevaricationis
1051 2844 1104 2903 cri·

99 2931 176 2989 mine
201 2930 365 2990 corruisset.
398 2928 495 2989 l’ressi
513 2938 605 2989 tamen
623 2929 740 2988 lmstra:
766 2928 869 2988 accidit
884 2929 957 2988 enim
972 2943 1019 2986 res
1037 2942 1104 2986 con·

99 3015 185 3074 traria
201 3021 230 3072 et
244 3029 334 3091 nova,
356 3021 386 3072 ut
400 3023 568 3074 accusatore
584 3013 832 3091 praevaricationis
848 3011 976 3072 damnato
991 3028 1041 3071 rea
1056 3010 1104 3069 ab·

99 3097 274 3158 solveretur.
298 3096 419 3170 Quaeris
435 3096 502 3175 quid
517 3112 580 3174 nos,
597 3096 661 3156 dum
676 3095 747 3156 baec
763 3093 903 3174 aguntur?
918 3094 1146 3156 indicavimusse

98 3181 212 3241 senatui
234 3175 274 3240 ex'
286 3179 419 3242 Norbano
435 3180 570 3241 didicisse
590 3197 643 3241 nos
664 3179 807 3260 publicam
824 3197 936 3242 causam
950 3194 1105 3256 rursusque

58 3265 212 3328 bodebere
234 3281 273 3324 ex
293 3267 405 3342 integro
427 3262 557 3343 discere,
579 3266 603 3324 si
624 3263 674 3324 ille
696 3268 905 3342 praevaricator
925 3262 1104 3343 probaretur,

98 3348 194 3428 adque
216 3349 271 3423 ita,
292 3348 356 3408 dum
372 3348 421 3408 ille
437 3350 581 3427 peragitur
593 3365 671 3425 reus,
687 3347 826 3410 sedimus:
842 3355 944 3427 postea
956 3346 1106 3407 Norbanus

99 3433 232 3494 omnibus
249 3432 351 3495 diebus
373 3433 543 3511 cognitionis
563 3433 689 3493 interluit
710 3433 884 3512 eandemque
899 3449 990 3511 usque
1006 3429 1040 3490 ad
1056 3447 1105 3489 ex-

99 3523 222 3577 tremum
236 3517 285 3579 vel
300 3519 484 3580 constantiam
499 3516 547 3578 uel
562 3515 709 3577 audaciam
724 3515 848 3595 pertulit.
874 3514 1024 3592 Interrogo
1040 3515 1147 3591 ipsoeo
