2580 3970
166 228 230 292 270
590 227 622 289 0.
644 228 743 290 PLlNl

168 401 225 461 que
243 391 319 442 tuam
339 388 458 442 statuam
472 379 500 440 in
514 377 658 441 vestibulo
673 377 750 442 lovis
767 380 865 461 optimi
879 381 991 441 maximi
1004 397 1087 440 unam
1102 379 1177 440 ulte·

166 483 262 526 ramre
278 474 308 524 et
321 465 394 525 banc
408 481 521 542 aeream
535 465 686 524 cernimus.
709 465 748 525 At
767 464 853 544 paulo
868 473 934 526 ante
953 463 1044 525 aditus
1059 480 1175 538 omnes,
1275 523 1276 526 ,

168 567 266 610 omnes
287 547 392 626 gredm
412 555 528 625 totaque
547 565 614 608 area
634 547 702 608 binc
719 566 789 608 auro
809 549 875 609 lrinc
889 557 1008 626 argento
1022 545 1177 608 relucebat

167 650 218 695 seu
234 634 329 713 potius
343 630 540 711 polluebatur,
563 648 628 692 cum
646 632 749 692 incesti
759 633 901 711 principis
917 633 1018 693 statuis
1032 631 1176 711 permixta

168 715 287 778 deorum
301 714 453 777 simulacra
468 712 628 774 sorderent.
643 713 724 793 Ergo
738 717 811 778 istae
823 714 938 794 quidem
948 732 1051 776 aereae
1061 723 1091 774 et
1102 729 1201 792 pau-5

168 817 219 861 cae
234 809 364 877 manent,
379 797 588 875 manebuntque
604 815 686 876 quam
701 799 748 858 diu
763 798 899 878 templum
915 800 1023 877 ipsum;
1041 797 1109 858 illae
1121 815 1174 858 au·

165 893 225 944 tem
238 899 357 944 aureae
371 889 401 943 et
413 879 632 942 innumerabiles
646 891 743 959 strage
758 892 787 944 et
801 885 881 943 ruina
892 882 1010 961 publico
1020 881 1127 960 gaudio
1137 879 1174 940 li-

166 974 307 1028 taverunt.
333 965 449 1026 iuuabat
464 962 584 1032 inlidere
600 965 665 1026 solo
686 968 910 1044 superbissimos
930 966 1043 1043 vultus,
1065 967 1173 1025 instare

77 1076 79 1084 s
166 1050 260 1126 ferro,
277 1051 389 1111 saeuire
404 1048 571 1128 securibus,
588 1059 617 1110 ut
634 1050 801 1127 sisingulos
813 1051 1016 1128 ictus-sanguis
1027 1048 1172 1126 dolorque

167 1141 344 1213 sequeretur.
362 1131 453 1193 Nemo
467 1140 523 1193 tam
533 1142 694 1212 temperans
705 1133 799 1210 gaudii
810 1151 953 1212 seraeque
967 1132 1091 1194 laetitiae
1104 1132 1172 1209 quin
1183 1144 1215 1195 10

166 1216 381 1282 insterfflultionis
392 1215 537 1276 uideretur
551 1234 671 1278 cernere
691 1217 804 1278 laceros
823 1226 917 1295 amus,
939 1224 1065 1276 truncata
1083 1233 1172 1274 mern-

166 1300 233 1379 bra,
254 1309 402 1380 postremo
424 1309 522 1360 truces
543 1299 759 1379 horrendasque
779 1302 918 1379 imagines
939 1299 1068 1360 obiectas
1083 1315 1173 1358 exco-

168 1393 285 1464 ctasquc
300 1385 434 1460 flammis,
455 1393 486 1444 ut
501 1401 538 1444 ex
552 1382 603 1445 illo
619 1393 730 1445 terrore
745 1394 775 1445 et
788 1386 871 1445 minis
885 1387 914 1444 iu
931 1401 1012 1444 usum
1025 1382 1173 1446 bominum

166 1486 201 1529 ac
215 1466 378 1544 uoluptates
393 1467 506 1544 ignibus
526 1477 707 1529 mutarentur.
739 1467 827 1528 Simili
848 1469 1028 1544 reverentia,
1049 1465 1170 1544 Caesar,

166 1567 222 1612 non
240 1548 315 1628 apud
328 1551 442 1627 genium
460 1560 536 1610 tuum
548 1551 667 1613 bonitati
680 1561 745 1612 tuae
758 1553 862 1630 gratias
878 1553 941 1629 agi,
963 1551 1015 1612 sed
1029 1549 1107 1628 apud
1119 1569 1172 1610 nu·
1181 1561 1213 1612 15

166 1651 231 1694 men
245 1632 322 1694 lovis
336 1634 435 1711 optimi
452 1635 564 1694 maximi
578 1637 699 1714 pateris:
721 1634 764 1696 illi
777 1635 886 1696 debere
900 1652 953 1696 nos
969 1633 1106 1713 quidquid
1118 1634 1171 1694 tibi

167 1717 339 1796 debeamus,
354 1715 430 1776 illius
445 1717 522 1794 quod
537 1717 611 1778 bene
626 1718 714 1780 baias
728 1721 853 1780 muneris
867 1737 952 1796 esse,
974 1720 1022 1798 qui
1035 1728 1065 1778 te
1080 1717 1169 1779 dedit.

165 1801 241 1862 Ante
257 1799 371 1880 quidem
391 1800 523 1878 ingentes
536 1800 690 1862 hostiarum
704 1821 812 1881 greges
825 1821 880 1882 per
894 1799 1085 1881 Capitolinum
1102 1803 1169 1877 iter,
1275 1869 1276 1896 ¹

165 1903 267 1963 magna
287 1885 332 1946 sui
351 1893 432 1963 purte
454 1884 534 1945 velut
554 1885 724 1965 intercepti,
745 1886 897 1948 devertere
917 1888 963 1946 via
979 1884 1167 1964 cogebantur,
1275 1943 1276 1958 ,

167 1986 231 2030 oum
251 1969 408 2030 saevissimi
427 1967 531 2029 domini
554 1970 729 2032 atrocissima
750 1969 864 2048 efligies
888 1978 966 2030 tauto
991 1971 1210 2030 victimarumto

168 2070 270 2114 cruore
285 2052 443 2129 coleretur,
460 2063 592 2132 quantum
606 2054 670 2134 ipse
684 2053 796 2114 humani
812 2054 956 2131 sanguinis
968 2052 1168 2132 profundebat.

116 2129 156 2193 53
169 2135 284 2213 Omnia,
306 2144 402 2215 patres
426 2137 597 2216 conscripti,
621 2155 694 2217 quae
708 2137 745 2198 de
758 2137 820 2199 aliis
833 2137 1010 2216 principibus
1030 2154 1107 2198 ame
1122 2146 1170 2198 sut

167 2219 296 2280 dicuntur
315 2229 361 2280 aut
379 2218 454 2280 dicte
470 2228 535 2282 suut
552 2239 588 2281 eo
609 2223 752 2300 pertinent
769 2229 800 2282 ut
820 2219 967 2283 ostendam
984 2239 1067 2300 quam
1082 2218 1170 2297 longa
1275 2227 1276 2234 ’

167 2303 374 2364 consuetudine
396 2313 546 2382 corruptos
569 2303 798 2384 depravatosque
817 2321 914 2367 mores
930 2306 1107 2384 principatus
1120 2321 1170 2381 pa-

165 2405 232 2446 rens
244 2395 343 2446 noster
356 2385 493 2447 reformet
506 2394 535 2446 et
547 2391 678 2464 corrigat.
700 2388 818 2468 Alioqui
828 2388 895 2448 nihil
909 2406 966 2449 non
975 2405 1072 2468 parum
1086 2397 1168 2465 grute
1177 2395 1208 2446 25

166 2469 229 2530 sine
246 2468 449 2546 conparatione
463 2468 600 2530 laudatur.
635 2469 787 2532 Praeterea
806 2473 862 2533 hoc
877 2474 996 2552 primum
1009 2489 1079 2549 erpa
1095 2473 1169 2549 opti·

165 2569 239 2612 muro
254 2553 453 2630 imperatorem
467 2554 578 2632 piorum
592 2555 695 2614 ciuium
709 2554 833 2616 cilicium
848 2566 909 2633 est,
924 2557 1035 2636 insequi
1049 2554 1169 2616 dissimi-

165 2635 221 2698 les.
248 2634 349 2716 Neque
371 2637 445 2697 enim
464 2637 533 2698 satis
548 2639 644 2698 amarit
658 2637 751 2700 bonos
765 2641 912 2719 principes
931 2643 979 2717 qui
993 2638 1083 2701 malos
1098 2640 1168 2700 satis

166 2738 222 2782 non
238 2720 339 2782 oderit.
371 2720 462 2782 Adice
483 2721 560 2800 quod
580 2722 758 2802 imperatoris
777 2726 867 2784 nostri
887 2741 945 2784 nou
957 2721 1033 2784 aliud
1046 2721 1170 2802 emplius

166 2823 201 2865 ac
220 2803 349 2866 diffusius
368 2808 498 2865 meritum
515 2813 561 2868 cst
579 2823 661 2883 quarn
677 2805 753 2884 quod
766 2807 900 2868 insectari
917 2807 1006 2868 malos
1021 2808 1209 2886 principeseo
1275 2817 1276 2820 ’

167 2897 256 2948 tutum
276 2898 331 2950 est.
368 2887 413 2949 An
435 2889 540 2948 excidit
560 2888 652 2951 dolori
672 2899 770 2951 nostro
792 2891 878 2952 modo
897 2890 1054 2952 vindicatus
1067 2887 1169 2950 Nerei
1275 2937 1276 2970 ,

165 2971 362 3049 Permittcret,
385 2971 489 3049 credo,
510 2972 611 3034 famam
630 2975 774 3053 demque
796 2976 859 3036 eius
879 2977 958 3053 carpi
979 2976 1027 3054 qui
1046 2983 1170 3034 mortem
1275 2971 1276 2998 *

165 3054 376 3132 ulciscebatur,
393 3074 448 3116 nec
463 3064 493 3116 ut
509 3057 537 3116 in
552 3075 585 3118 se
601 3056 675 3120 dieta
689 3060 924 3136 interpretaretur
941 3076 1013 3138 quae
1029 3056 1067 3119 de
1080 3056 1170 3120 simil·

166 3139 233 3198 limo
245 3138 417 3200 dicerentur.
438 3137 533 3213 Quare
545 3158 602 3218 ego
615 3141 686 3220 [te]‚
702 3140 819 3220 Caesar,
834 3143 998 3204 muneribus
1010 3142 1067 3202 tuis
1079 3143 1171 3202 omni·

167 3224 222 3284 bus
238 3239 380 3301 conpare,
395 3221 491 3285 multis
502 3233 663 3304 antepono,
679 3226 756 3304 quod
768 3225 839 3288 licet
848 3226 933 3288 uobis
947 3234 977 3287 et
988 3227 1016 3285 in
1030 3225 1210 3305 praeteri-es

167 3317 227 3368 tum
240 3305 276 3366 de
289 3304 369 3366 malis
384 3308 600 3386 imperatoribus
615 3308 720 3372 cotidie
735 3309 871 3370 vmdiemi
884 3320 915 3372 et
930 3309 1041 3372 iuturus
1052 3310 1105 3372 sub
1118 3327 1171 3370 ex·

168 3389 263 3471 emplo
277 3407 462 3468 praemonere
476 3391 583 3452 nubum
597 3392 706 3472 locum,
723 3393 830 3454 nullum
844 3412 912 3458 esse
928 3402 1110 3474 tempusque
1125 3392 1171 3452 iu·
1275 3449 1276 3456 ,

168 3483 314 3536 nestorum
333 3475 492 3554 principum
511 3494 608 3538 manes
623 3496 640 3540 a
653 3487 834 3558 posterorum
853 3478 1082 3542 execrationibus
1100 3495 1170 3538 con·
1275 3475 1276 3488 ¹
