2584 3972
160 259 222 322 142
587 253 620 316 G.
643 253 739 316 PLINI

127 435 130 440 ·
160 411 238 492 quod
260 411 362 472 scribis
378 411 469 472 fuisse
485 408 621 490 quosdam
643 408 691 487 qui
706 406 950 486 reprehenderent
968 407 1045 486 quod
1059 410 1165 470 oratio·

159 514 212 557 nco
229 497 342 556 omniuo
359 496 523 563 recitarem
547 494 603 554 uisi
623 511 694 553 vero
715 493 765 553 bas
787 490 864 552 solas
881 507 938 551 non
952 500 1051 569 putant
1067 509 1164 554 emen·

136 578 276 641 aduodes.
304 579 330 640 A
345 580 448 658 quibus
461 577 587 638 libenter
602 578 782 656 requisierim
798 592 849 635 cor
864 575 1038 653 concedant,
1053 577 1078 636 si
1094 593 1163 636 corr·

162 663 266 724 cedunt
279 671 382 741 tamen,
396 663 542 722 historiam
556 659 663 720 debere
677 662 803 737 recitari,
822 677 895 738 quaa
909 676 965 719 uon
980 661 1163 720 ostentationi

162 747 214 809 aed
237 745 301 807 fidei
316 747 485 825 veritatique
503 746 696 824 componitur,
725 763 775 804 cur
794 743 985 821 tragoediam,
1013 761 1086 820 quae
1105 753 1191 805 uon5

161 830 328 890 auditorium
344 831 394 891 sed
410 845 542 890 scaenam
555 837 584 888 et
595 838 719 906 actores,
738 847 789 888 cur
800 827 899 905 lyrica,
916 845 989 905 quae
1000 845 1057 886 nou
1069 825 1162 888 lecto·

161 931 223 974 rem
240 914 291 974 sed
312 913 429 974 chorum
451 923 480 973 et
502 912 590 988 lyram
610 922 743 990 poscunt.
773 910 818 970 Ad
841 911 939 971 borum
961 911 1092 972 recitatio
1108 930 1162 974 usu

139 999 216 1060 diam
236 1007 356 1076 recepta
380 1006 433 1059 ost.
473 995 546 1056 Num
569 1008 640 1074 ergo
660 994 816 1074 culpandus
839 1005 884 1055 est
904 993 955 1054 ille
974 995 1023 1072 qui
1043 993 1163 1074 coepit?

163 1080 335 1160 Quamquam
353 1082 496 1142 orationes
512 1097 626 1159 quoque
641 1089 671 1152 et
690 1081 779 1140 nostri
794 1079 904 1158 quidam
921 1087 950 1139 et
964 1076 1065 1139 Graeci
1079 1078 1163 1140 lecti·

139 1173 299 1229 staveruut.
321 1164 535 1244 Supervacuum
548 1173 639 1224 tamen
652 1173 696 1224 est
706 1165 828 1224 recitare
841 1180 912 1241 quae
924 1162 1039 1223 dixeris.
1058 1161 1161 1242 Etiam,
1172 1177 1208 1229 lo

164 1249 188 1308 si
202 1249 302 1310 eadem
318 1251 425 1328 omnia,
448 1249 474 1309 si
492 1247 582 1309 isdem
597 1249 744 1324 omnibus,
760 1249 785 1309 si
801 1249 893 1308 statim
907 1247 1029 1307 recites:
1051 1249 1160 1306 sivero

82 1407 88 1414 ·
162 1331 249 1392 multa
262 1333 386 1411 inseras,
410 1331 497 1393 multa
519 1339 692 1409 commutes,
710 1333 735 1392 si
750 1330 885 1410 quosdam
898 1346 1009 1408 novos,
1026 1329 1162 1408 quosdam

164 1416 298 1496 eosdem,
320 1417 373 1477 sed
392 1425 460 1496 post
478 1427 592 1495 tempus
613 1417 760 1492 adsumas,
784 1413 835 1475 cur
850 1417 940 1474 minus
953 1414 1110 1492 probabilis
1125 1417 1164 1474 sit

140 1511 249 1564 ficausa
261 1501 398 1560 recitandi
416 1519 488 1580 quae
503 1499 607 1562 dixeris
622 1518 703 1578 quam
716 1497 839 1560 edendi?
865 1499 921 1559 Sed
940 1496 1056 1557 diiiicile
1071 1507 1117 1558 est
1131 1507 1163 1558 ut

164 1585 264 1661 oratio,
282 1583 347 1642 dum
361 1587 508 1662 recitatur,
521 1584 683 1645 satisfaciat.
706 1583 763 1642 lam
779 1582 835 1643 hoc
851 1582 886 1642 ad
900 1581 1027 1642 laborem
1040 1583 1205 1644 recitas-15

140 1677 156 1732 7
165 1667 201 1726 tis
220 1668 361 1744 pertinet,
384 1685 441 1728 non
461 1669 496 1728 ad
515 1670 652 1728 rationem
674 1684 731 1727 non
749 1667 894 1727 recitandi.
928 1665 991 1726 Nec
1004 1683 1075 1726 vero
1092 1685 1160 1744 ego,

165 1749 229 1809 dum
246 1753 355 1830 recito,
379 1751 500 1829 laudari,
527 1751 580 1812 sed
601 1751 664 1811 dum
683 1751 783 1829 legor,
811 1751 904 1829 cupio.
935 1749 1034 1829 Itaque
1055 1750 1162 1810 nullum

165 1834 330 1894 emendandi
356 1853 448 1912 genus
470 1835 577 1896 omitto.
615 1834 659 1895 Ac
685 1837 802 1912 primum
826 1852 900 1913 quae
922 1835 1026 1913 scripsi
1051 1851 1162 1895 mecum

162 1919 226 1996 ipse
241 1926 400 1996 pertracto;
417 1918 520 1979 deiude
534 1918 644 1980 duobus
658 1926 705 1978 aut
720 1918 810 1978 tribus
825 1918 909 1995 lego;
923 1935 989 1978 nrox
1004 1917 1067 1980 aliis
1082 1918 1162 1979 ordo

162 2000 316 2063 adnotanda
328 2012 466 2081 notasque
479 2020 587 2081 eorum,
604 2005 629 2064 si
638 2003 748 2080 dubito,
761 2019 825 2061 cum
835 2018 892 2062 uno
903 2020 1001 2062 rursus
1013 2009 1060 2062 aot
1070 2001 1161 2062 altero
1170 2021 1206 2072 20

162 2087 291 2163 pensito;
316 2087 471 2148 novissime
491 2086 621 2164 pluribus
640 2087 750 2164 recito,
775 2104 809 2145 ac
835 2087 859 2146 si
879 2085 945 2164 quid
965 2084 1031 2145 mibi
1055 2085 1161 2164 credis,

138 2178 231 2234 &tunc
245 2173 383 2231 acemime
399 2171 529 2231 emendo.
562 2170 633 2230 Nam
654 2180 731 2232 tanto
749 2169 912 2247 diligentius
930 2178 1033 2248 quanto
1053 2169 1162 2230 sollici-

163 2254 218 2315 tius
234 2254 358 2314 intendo.
386 2253 500 2332 Optime
520 2262 614 2316 autem
628 2255 789 2316 reverentia
803 2253 896 2332 pudor
910 2263 1003 2316 metue
1023 2253 1162 2323 iudicant;

162 2336 247 2414 idque
260 2337 331 2399 adeo
347 2339 391 2399 sic
403 2339 486 2398 habe.
507 2337 620 2416 Nonne,
637 2340 661 2399 si
672 2337 819 2398 locuturus
834 2356 867 2398 es
882 2355 946 2398 oum
959 2336 1054 2416 atiquo
1066 2355 1162 2416 quam·

162 2419 233 2480 libet
248 2420 347 2500 docto,
363 2439 419 2481 uno
435 2431 539 2500 tamen,
555 2423 645 2482 miuus
662 2423 859 2498 commoveris,
877 2423 997 2500 quamsi
1013 2439 1077 2482 cum
1090 2420 1204 2482 mul-25

139 2504 201 2569 9tis
214 2502 263 2564 vel
279 2503 423 2566 indoctis?
442 2504 553 2583 Nonne,
571 2523 633 2566 oum
648 2507 741 2584 surgis
752 2504 786 2564 ad
798 2505 947 2584 agendum,
965 2515 1030 2566 tunc
1042 2506 1160 2567 maxime

163 2588 214 2648 tibi
228 2589 293 2666 ipse
308 2589 430 2668 diffidis,
447 2598 514 2650 tunc
531 2599 713 2667 commutata,
731 2606 787 2650 uon
803 2589 870 2650 dico
885 2590 1019 2668 plurima,
1039 2589 1090 2652 sed
1102 2607 1161 2650 om-

161 2673 207 2733 oia
221 2669 323 2751 cupis?
337 2674 436 2752 utique
450 2673 475 2734 si
489 2673 573 2734 latior
583 2692 686 2736 scaeua
697 2683 726 2734 ot
738 2690 843 2734 corona
855 2673 998 2744 diffusior;
1012 2691 1075 2733 nam
1092 2673 1161 2734 iilos

123 2770 153 2822 10
161 2773 276 2836 quoque
288 2757 417 2818 sordidos
429 2757 610 2838 pullatosque
621 2775 794 2818 reveremur.
814 2756 926 2835 Nonne,
939 2759 964 2820 si
975 2759 1063 2837 prima
1075 2775 1161 2836 quae·

162 2857 218 2918 quc
231 2842 375 2919 inprobari
392 2852 489 2919 putas,
508 2842 661 2902 debilitaris
677 2849 707 2901 et
723 2839 871 2901 concidis?
892 2841 1015 2920 Opiuor,
1043 2845 1108 2920 quia
1132 2843 1203 2910 ineo

161 2940 279 2983 numero
299 2925 364 3003 ipso
388 2933 433 2986 est
453 2925 591 3003 quoddam
618 2941 749 3002 magnum
773 2926 971 3004 conlatumque
997 2925 1159 3003 consilium,

122 3007 322 3085 thuibusque
345 3007 466 3085 singulis
484 3009 582 3068 iudicii
601 3026 715 3088 parum,
730 3009 860 3070 omnibus
875 3009 1032 3088 plurimum.
1060 3007 1160 3088 ltaque

161 3089 333 3170 Pomponius
344 3091 493 3153 Secundus
508 3092 570 3172 (bic
583 3094 707 3174 scriptor
717 3092 953 3172 tragoediarum),
969 3095 993 3155 si
1006 3093 1073 3172 qnid
1085 3093 1161 3152 forte

160 3175 322 3236 familiarior
341 3177 447 3237 amicus
471 3175 643 3257 tollendum,
672 3178 735 3256 ipse
764 3177 940 3239 retinendum
965 3178 1158 3255 arbitraretur,

129 3301 132 3308 -
160 3259 257 3321 dicere
275 3259 388 3322 solebat
404 3260 448 3321 ‘ad
466 3261 602 3340 populum
616 3267 775 3342 provoco’,
793 3271 878 3341 atque
893 3264 930 3323 ita
945 3280 983 3322 ex
997 3259 1201 3340 populive135

160 3344 273 3405 silentio
287 3343 336 3405 vel
348 3345 470 3406 adsensu
488 3356 535 3406 aut
550 3365 627 3408 suam
638 3356 685 3407 aut
699 3347 781 3406 amici
795 3348 962 3407 sententiam
974 3346 1157 3424 sequebatur.

122 3437 151 3488 12
161 3427 278 3491 'fautum
292 3427 341 3489 ille
356 3430 465 3509 populo
481 3429 573 3492 dabat.
601 3430 693 3494 Recte
707 3449 741 3492 an
756 3449 859 3510 secus,
873 3429 943 3490 nihii
958 3430 993 3490 ad
1008 3445 1063 3490 me.
1091 3427 1157 3505 Ego

159 3515 234 3574 enim
249 3530 305 3573 uon
315 3514 451 3594 populum
466 3514 604 3592 advocare
617 3517 670 3578 sed
684 3524 779 3577 certos
791 3515 960 3594 electosque
973 3513 1067 3592 soleo,
1085 3528 1159 3590 quos
