2604 3972
190 267 253 335 let
617 267 650 329 0.
673 268 771 330 PLllll

441 519 469 574 0.
488 519 615 572 PLINIUS
633 420 818 572 Mygdlnldllo
837 517 897 572 SUO
917 519 944 572 S.

163 658 181 710 1
256 643 396 702 Summam
415 651 445 702 te
466 640 640 720 voluptatem
663 639 834 719 percepisse
861 637 972 700 existo
995 639 1199 715 copiosissimo

192 743 301 806 genere
321 723 442 786 venandi
462 739 519 784 non
544 724 649 801 miror,
676 740 740 783 cum
761 721 963 784 historicorum
984 738 1064 781 more
1087 723 1221 793 scrihnss

192 827 337 872 numerum
351 809 414 869 iniri
425 825 481 868 non
496 809 634 885 potuisse.
662 803 754 866 Nobis
768 806 865 866 venari
879 823 935 867 nec
949 814 1031 866 vacat
1041 823 1096 866 nec
1112 805 1197 867 libet:

192 912 250 956 non
264 902 357 971 vacat,
375 894 439 972 quia
454 890 612 951 vindemiae
625 891 653 950 in
665 889 803 968 manibus,
819 906 875 950 non
886 888 968 968 libet,
984 889 1049 967 quia
1063 890 1196 968 exiguae.

165 976 366 1046 2Devehimus
390 984 483 1036 tamen
505 991 558 1054 pro
578 989 653 1034 novo
674 982 766 1033 musto
789 988 880 1034 novos
904 971 1066 1034 versiculos
1087 974 1197 1053 tibique

192 1060 395 1122 iucundissime
414 1059 557 1138 exigenti,
575 1067 605 1120 ut
623 1057 743 1136 primum
754 1055 925 1119 videbuntur
940 1056 1118 1136 defervisse,
1135 1059 1197 1117 mit·

191 1155 292 1206 temus.
325 1142 405 1205 Vale.
1206 1155 1236 1210 to

650 1271 740 1337 xvn.

463 1375 490 1426 c.
508 1375 632 1428 nmmos
650 1372 804 1426 commotu
819 1372 879 1425 suc
899 1371 926 1428 e.

167 1515 184 1567 1
256 1494 369 1575 Recepi
395 1493 504 1556 litteras
529 1502 609 1570 tuas,
637 1494 739 1573 quuibus
762 1493 890 1572 quereris
909 1491 1006 1552 taedio
1030 1491 1082 1552 tibi
1106 1491 1199 1553 fuisse

195 1580 322 1659 quamvis
348 1578 529 1639 lautissimam
552 1594 667 1654 cenam,
691 1578 757 1655 quia
780 1594 898 1638 scurrae
922 1574 1031 1636 cinaedi
1052 1577 1197 1636 moriones
1207 1586 1236 1639 15

166 1664 298 1732 emensis
312 1661 483 1722 inerrabant.
512 1659 563 1720 Vis
577 1670 608 1721 tu
619 1662 764 1721 remittere
778 1659 884 1740 aliquid
898 1678 935 1721 ex
948 1655 1049 1737 rugis‘l
1064 1659 1198 1738 equidem

193 1745 261 1806 nihil
278 1745 335 1806 tnle
349 1744 460 1822 habeo,
476 1743 615 1804 hahentes
630 1753 725 1805 tamen
745 1742 819 1803 lero.
851 1741 909 1804 Cur
926 1760 997 1821 ergo
1010 1759 1067 1803 non
1081 1740 1197 1802 habeo?

194 1831 258 1908 quia
271 1845 449 1908 nequaquam
464 1845 510 1888 me
525 1837 555 1887 ut
573 1829 799 1907 inexspectatum
817 1826 987 1888 festivumve
1004 1825 1145 1903 delectat,
1172 1825 1198 1887 si

193 1912 261 1992 quid
280 1913 399 1972 mellea
422 1910 556 1989 cinaedo,
579 1911 710 1991 petulans
730 1930 746 1972 a
769 1929 883 1990 scurra,
908 1909 1022 1972 stultum
1036 1927 1052 1970 a
1067 1910 1197 1970 morione

166 1995 345 2077 3proiertur.
385 1994 450 2056 Non
469 1997 606 2056 rationem
627 1995 679 2057 sed
702 1994 876 2056 stomachum
896 1994 947 2055 titi
967 2011 1060 2055 narro.
1092 1993 1236 2072 Adqueao

194 2081 267 2141 adeo
283 2099 366 2161 quarn
379 2080 483 2141 multos
498 2089 579 2158 putas
596 2097 680 2157 esse,
702 2096 775 2158 quos
792 2097 826 2139 ea
841 2077 943 2157 quibus
959 2094 1015 2156 ego
1031 2085 1060 2138 et
1074 2085 1104 2137 tu
1121 2078 1198 2156 capi·
1282 2099 1283 2104 ¹

192 2183 254 2225 mur
269 2170 298 2225 et
312 2164 440 2225 ducimur
460 2165 560 2242 partim
574 2172 605 2223 ut
618 2165 715 2242 inepta
729 2163 829 2241 partim
844 2171 874 2222 ut
892 2161 1092 2223 molestissima
1107 2159 1197 2222 olien-

193 2245 279 2309 dantl
307 2247 398 2322 Quam
418 2246 514 2323 multi,
537 2265 600 2306 cum
621 2245 716 2307 lector
730 2254 777 2305 aut
791 2245 905 2322 lyristes
921 2253 968 2305 ant
985 2244 1141 2307 comoedus
1156 2246 1198 2305 in·

193 2331 295 2392 ductus
317 2340 380 2408 cst,
403 2330 519 2390 calceos
540 2340 679 2409 poscunt,
706 2339 824 2390 autnon
839 2331 947 2389 minore
963 2346 1027 2389 cunr
1041 2327 1137 2389 taedio
1152 2346 1198 2388 re·

193 2413 308 2490 cubant,
329 2431 412 2492 quam
434 2422 464 2472 tu
485 2413 539 2472 ista
560 2411 619 2490 (sic
640 2414 714 2472 enim
734 2411 879 2493 appellas)
895 2411 1024 2492 prodigia
1038 2423 1236 2492 perpessustt

166 2493 249 2563 ses?
277 2495 386 2556 Demus
407 2497 493 2574 igitur
512 2494 613 2555 alienis
636 2493 873 2556 oblectationibus
887 2498 1014 2574 veniam,
1040 2505 1071 2556 ut
1091 2498 1199 2558 nostris

192 2582 379 2659 inpetrcmus.
411 2578 493 2640 Vale.

640 2711 745 2774 XVlll.

481 2813 508 2868 o.
527 2811 653 2864 rmmus
669 2812 787 2864 samue
806 2813 867 2864 suo
886 2811 913 2866 s,
1206 2839 1237 2894 3⁰

167 2932 180 2984 1
256 2917 319 2991 Qua
333 2919 507 2993 intentione,
529 2934 588 2996 quo
604 2915 715 2995 studio,
737 2935 791 2998 qua
804 2917 927 2997 denique
941 2917 1076 2979 memoria
1089 2916 1200 2996 legeris
1282 2905 1283 2983 l

192 3000 310 3062 liltellcs
326 3018 407 3063 meos
431 3000 554 3080 epistula
573 3011 621 3062 tua
636 3000 768 3064 ostendit.
792 2999 860 3081 lpse
874 3003 962 3079 igitur
977 3001 1099 3062 exhibes
1109 3019 1200 3079 nego·

194 3086 262 3146 tium
276 3084 345 3162 tibi,
367 3085 415 3163 qui
436 3083 518 3144 elicis
540 3093 570 3145 et
589 3085 690 3146 invitas
709 3094 741 3146 nt
760 3103 842 3165 mann
857 3083 976 3165 plurima
990 3085 1200 3146 communicare

167 3178 290 3230 atecnn
307 3167 401 3228 velim.
433 3167 560 3240 Faciam
581 3187 635 3248 per
654 3178 751 3250 partes
768 3177 861 3230 tamen
876 3179 906 3230 et
920 3171 1001 3248 qnasi
1016 3167 1146 3246 digesta,
1162 3185 1200 3228 ne

194 3255 275 3314 istem
291 3253 381 3332 ipsam
394 3254 556 3314 memoriam
570 3254 618 3314 cni
632 3255 738 3332 gratias
750 3270 807 3331 ago
822 3251 989 3315 adsiduitate
1004 3262 1034 3314 et
1045 3254 1130 3331 copia
1140 3262 1199 3314 tur·
1208 3259 1240 3312 35

193 3336 260 3396 bem
275 3348 476 3418 oneratamque
491 3347 521 3400 ct
535 3340 615 3418 qnasi
630 3354 799 3419 oppressam
814 3355 915 3418 cogam
929 3337 1059 3418 pluribus
1075 3335 1200 3414 singula,

193 3423 401 3500 posterioribus
418 3425 513 3503 priora
528 3421 677 3484 dimittere.
710 3420 791 3483 Vale.
