2604 3972
171 252 233 318 150
595 252 627 316 0.
650 254 746 316 1³1le

171 407 287 482 domus,
307 415 427 486 repente
449 407 559 487 dilapsa
578 407 685 468 deserit
706 408 851 468 comitem:
878 407 1007 469 desertus
1024 405 1128 468 herbas
1144 413 1175 468 et

128 491 240 554 11lolia
254 499 410 570 concerpta
429 493 540 569 signum
554 490 620 552 loco
636 493 726 569 ponit.
758 490 878 554 Postero
896 491 943 552 die
956 490 1013 552 adit
1027 490 1173 568 magistra·

169 585 226 651 tus,
242 583 338 635 monet
351 583 381 634 ut
395 573 474 634 illum
489 574 584 635 locum
599 574 685 635 effodi
700 575 823 636 iubeant.
849 574 1031 636 Inveniuntur
1046 590 1114 634 ossa
1130 575 1174 636 in·

170 666 245 720 serta
267 660 374 720 catenis
393 665 422 718 et
440 657 582 737 inplicita,
606 677 679 737 quae
693 675 798 736 corpus
812 676 884 720 aevo
899 667 1031 736 terraque
1047 656 1174 737 putrela-
1290 721 1291 726 ,

170 752 245 803 ctum
258 742 331 803 nuda
347 752 375 802 et
390 759 477 802 exesa
497 741 652 820 reliquerat
666 740 800 802 vinculis:
819 741 942 803 collecta
956 740 1073 820 publice
1087 751 1202 820 sepe-5

127 833 162 889 12
170 826 282 887 liuntur.
314 825 422 888 Domus
439 835 542 903 postea
559 827 614 887 rite
635 825 754 886 conditis
769 826 897 887 manibus
918 825 1015 904 caruit.
1046 823 1084 884 llt
1098 823 1173 884 baec

170 909 283 990 quidem
296 909 505 970 adfirmantibus
520 907 623 970 credo:
638 907 708 969 illud
721 909 867 970 adlirmare
883 909 945 970 aliis
960 926 1087 989 possum.
1118 905 1173 968 Est

168 993 288 1054 libertus
303 992 386 1070 mibi,
408 1009 465 1053 non
484 992 662 1056 inlitteratus.
695 988 765 1052 Cum
786 993 842 1054 boe
860 993 952 1056 minor
964 991 1053 1054 irater
1069 989 1174 1052 eodem

167 1077 246 1139 lecto
259 1076 436 1154 quiescebat.
453 1075 482 1138 ls
499 1077 578 1137 viem
591 1085 635 1136 est
649 1075 705 1136 eibi
723 1093 843 1136 cernere
859 1075 998 1155 quendam
1011 1077 1040 1136 in
1051 1083 1115 1136 toro
1125 1093 1173 1134 re-

168 1161 307 1221 sidentem
328 1159 580 1240 admoventemque
610 1161 695 1237 capiti
717 1176 769 1221 suo
794 1158 901 1222 cultros
923 1157 1014 1239 adque
1030 1160 1115 1220 etiam
1135 1175 1174 1218 ex
1182 1174 1218 1226 ιο
1290 1237 1291 1240 Ἴ

167 1245 232 1322 ipso
246 1244 357 1304 vertice
374 1253 562 1325 amputantem
582 1243 711 1322 capillos.
739 1243 794 1305 Ubi
809 1243 924 1321 inluxit,
940 1245 1003 1323 ipse
1019 1245 1096 1303 circa
1106 1259 1172 1301 ver·
1290 1303 1291 1312 ,

126 1330 254 1390 13ticem
266 1337 383 1407 tonsus,
402 1327 498 1408 capilli
513 1331 641 1389 iacentes
656 1327 844 1408 reperiuntur.
876 1326 1019 1406 Exiguum
1033 1326 1172 1405 temporis
1290 1349 1291 1404 t

166 1411 300 1489 medium,
318 1421 348 1472 et
362 1430 459 1473 rursus
476 1409 568 1474 simile
584 1411 659 1472 aliud
676 1412 762 1489 priori
776 1410 859 1472 fidem
870 1411 950 1472 lecit.
972 1409 1046 1471 Puer
1059 1411 1088 1469 in
1103 1426 1172 1487 pae—
1290 1417 1291 1488 i

167 1494 290 1572 dagogio
311 1496 416 1556 mixtus
442 1495 571 1574 pluribus
594 1494 765 1556 dormiebat:
790 1505 929 1556 venerunt
951 1513 1005 1574 per
1028 1493 1171 1554 fenestras
1290 1511 1291 1570 j

167 1577 221 1656 (ita
234 1577 343 1656 narrat)
357 1580 387 1639 in
405 1577 595 1640 tunicis'albis
616 1577 671 1637 duo
689 1579 895 1658 cubantemque
911 1577 1117 1654 detonderunt,
1140 1584 1170 1636 et
1181 1584 1216 1636 15
1290 1591 1291 1632 1

167 1678 221 1739 qua
239 1670 376 1721 venemnt
396 1671 588 1723 recessemnt.
621 1660 702 1722 lluuc
724 1679 837 1741 quoque
858 1671 971 1725 tonsum
995 1677 1171 1741 sparsosque
1290 1657 1291 1728 ξ

125 1754 159 1810 14
169 1746 245 1806 circa
260 1743 381 1822 capillos
397 1744 467 1821 dies,
474 1744 606 1806 ostendit.
639 1743 715 1805 Nihil
731 1745 856 1806 notabile
871 1754 1011 1822 secutum,
1026 1745 1081 1804 nisi
1095 1743 1171 1803 forte
1290 1733 1291 1804 l

167 1827 244 1906 quod
256 1845 313 1888 non
329 1828 369 1888 lui
381 1848 459 1906 reus,
473 1828 602 1906 iuturus,
618 1829 643 1890 si
656 1827 849 1906 Domitianus,
866 1829 920 1890 sub
934 1846 991 1908 quo
1006 1828 1079 1888 baec
1094 1829 1169 1888 accl-

167 1911 285 1989 demut,
309 1910 411 1993 diutius
425 1913 555 1974 vixisset.
586 1911 658 1972 Nam
674 1913 703 1970 in
717 1914 822 1973 scrinio
839 1915 901 1974 eius
917 1912 997 1973 datus
1011 1930 1028 1972 a
1043 1908 1117 1971 (lare
1133 1909 1169 1970 de
1290 1979 1291 1988 χ

166 2012 212 2054 me
226 1994 343 2058 libellus
357 1999 488 2058 inventus
502 2005 562 2067 est;
583 2014 621 2056 ex
642 2013 698 2075 quo
721 1997 874 2058 coniectari
888 2005 1002 2075 potest,
1029 1997 1094 2073 quia
1110 1995 1214 2060 reisue
1290 2015 1291 2030 ¹

166 2080 254 2140 moris
269 2089 316 2141 cst
335 2083 509 2142 summittere
532 2079 682 2160 capillum,
702 2081 814 2141 recisos
834 2095 960 2139 meomm
983 2077 1104 2157 capillos
1119 2077 1168 2137 de·

166 2161 242 2239 pulsi
266 2163 342 2242 quod
363 2165 525 2224 imminebat
544 2161 665 2242 periculi
684 2164 795 2241 signum
817 2162 916 2224 luisse.
955 2161 1075 2222 Proinde
1095 2178 1169 2239 rogo

124 2251 157 2304 15
168 2245 353 2307 eruditionem
369 2256 442 2307 tuam
456 2246 593 2308 intendas.
613 2245 706 2322 Digna
718 2264 767 2307 res
784 2254 829 2306 est
843 2263 926 2324 quam
937 2245 984 2305 diu
995 2243 1169 2324 multumque

122 2337 133 2350 ·
168 2328 349 2389 consideres:
363 2348 400 2389 ne
415 2347 472 2406 ego
485 2329 600 2406 quidem
613 2328 743 2406 indignus
762 2329 808 2390 cui
823 2330 933 2408 copiam
950 2329 1087 2390 scientiae
1102 2337 1168 2388 tuae

123 2417 157 2472 16
167 2408 263 2472 lacius.
284 2408 366 2472 Licet
381 2413 465 2472 etiam
478 2421 624 2490 utramque
638 2413 666 2470 in
681 2420 800 2490 partem,
817 2421 848 2471 ut
862 2411 953 2490 soles,
971 2411 1110 2491 disputes,
1129 2419 1210 2471 exte

165 2492 253 2556 altera
273 2502 367 2555 tamen
382 2495 501 2573 lortius,
528 2512 565 2554 ne
578 2511 623 2554 me
638 2512 808 2573 suspensum
823 2497 1018 2574 incertumque
1033 2494 1165 2570 dimittas,

167 2594 229 2636 oum
240 2577 307 2637 nihi
324 2577 491 2640 consulendi
510 2595 595 2640 causa
608 2576 692 2638 luerit
709 2586 740 2638 ut
753 2578 881 2640 dubitare
896 2579 1067 2640 desinerem.
1085 2577 1166 2638 Vale.

597 2707 727 2772 xxv111.

437 2808 766 2888 o‚un1u1ussnrurcto
786 2808 845 2860 suo
863 2809 889 2862 e.
1174 2827 1209 2882 30

138 2922 154 2973 1
214 2909 278 2974 ¹llis
296 2909 432 2986 quosdam
441 2909 516 2988 apud
525 2920 555 2971 te
565 2909 798 2990 reprehendisse,
814 2919 953 2990 tamquam
967 2909 1074 2970 amicos
1085 2925 1166 2970 meos

137 3001 201 3053 aex
217 2992 292 3052 omni
308 2995 462 3054 occasione
476 2991 672 3054 ultramodum
682 2993 803 3055 landem.
825 2993 962 3071 Agnosco
976 2994 1093 3069 crimen,
1109 3008 1167 3050 am-

162 3074 279 3154 plector
298 3076 390 3135 ctiam.
421 3073 496 3148 Quid
514 3077 588 3136 enim
608 3077 757 3140 honestius
780 3076 864 3157 culpa
884 3071 1087 3153 benignitatis?
1111 3073 1167 3148 Qui

163 3168 228 3219 sunt
244 3168 337 3220 tamen
350 3159 398 3219 isti
413 3161 460 3237 qui
473 3161 581 3222 amicos
595 3178 676 3228 meos
691 3160 793 3222 melius
809 3157 922 3220 norint?
943 3159 1002 3220 Sed
1017 3168 1046 3219 ut
1060 3160 1164 3236 norim,

163 3242 232 3319 quid
247 3242 372 3304 inrident
390 3242 456 3303 mibi
472 3242 639 3307 felicissimo
661 3241 783 3305 errore?
805 3243 843 3303 Ut
857 3244 931 3304 enim
948 3259 1005 3303 non
1020 3244 1076 3302 sint
1090 3239 1206 3309 messe

163 3325 263 3403 quales
277 3345 294 3386 a
309 3344 354 3386 me
370 3326 578 3406 praedicantur,
594 3346 651 3406 ego
664 3337 759 3390 tamen
772 3327 884 3405 beatus,
901 3325 978 3406 quod
988 3325 1055 3388 mihi
1065 3325 1165 3386 riden-

137 3417 217 3472 etur.
237 3407 328 3487 Igitur
348 3411 383 3470 ad
400 3410 472 3472 alios
486 3411 559 3472 banc
579 3412 719 3474 sinistram
735 3409 907 3488 diligentiam
923 3409 1086 3487 conferant,
1108 3427 1165 3470 nec

162 3501 228 3554 sunt
243 3509 340 3576 parum
358 3493 454 3571 multi,
478 3496 526 3574 qui
547 3513 667 3575 carpere
681 3496 788 3556 andcos
802 3512 872 3556 suos
894 3492 1027 3555 iudicium
1042 3501 1164 3556 vocant:
