2580 3970
225 235 289 298 236
529 231 561 293 C.
583 231 679 294 PblNl
700 231 749 292 ET
771 231 930 292 TRAIANI

226 387 311 447 etiarn
331 387 378 464 qni
401 405 418 446 a
441 387 608 448 censoribus
635 385 816 463 legerentur,
844 385 983 445 dumtaxat
1000 385 1028 444 in
1049 385 1237 464 paucissimis

203 469 401 547 boivitatibns,
414 469 489 530 aliud
501 469 575 548 aliis,
592 469 673 530 iussit
685 469 800 528 inferre.
821 469 963 547 Superest
978 486 1049 547 ergo
1063 478 1094 530 ut
1106 469 1178 547 ipse
1195 470 1235 530 di·

228 553 333 631 spicias
359 571 393 614 an
414 555 442 613 ιἰι
466 553 595 614 omnibus
616 553 776 612 civitatibus
805 563 913 613 certum
935 551 1040 631 aliquid
1060 570 1164 613 omnes
1189 555 1235 632 qui
1277 561 1278 600 ι

228 635 330 696 deinde
342 635 474 699 buleutae
487 635 621 716 leguntur
636 636 757 697 debeant
771 653 824 716 pro
839 636 953 697 introitu
969 634 1044 696 dare.
1067 634 1139 695 Nam
1155 637 1235 715 quod

227 721 255 779 in
271 728 441 799 perpetuum
460 738 620 781 mansurum
635 728 680 780 est
699 728 760 780 ate
776 720 910 781 constitui
926 718 1029 798 decet,
1050 721 1131 780 cuius
1145 711 1255 781 iacbst

229 802 370 881 dictisque
385 803 506 866 debetur
516 805 678 866 aeternitas.

594 932 696 996 oxnr.
723 932 861 1014 [omn]

562 1032 727 1086 TRAIANUS
742 1034 849 1086 PL1N10
866 1034 894 1090 S.

289 1137 472 1198 Houorariurn
490 1137 689 1198 decurionatus
704 1154 802 1198 omnes
821 1138 911 1216 quiin
927 1155 1039 1218 quaque
1056 1139 1173 1200 civitate
1187 1139 1232 1199 Ri-
1242 1143 1263 1198 ιι
1277 1137 1278 1184 i

227 1221 340 1297 thynias
363 1220 533 1282 decuriones
554 1221 622 1281 bunt
636 1220 742 1280 inferre
757 1220 879 1281 debeant
895 1239 1005 1298 necue,
1022 1223 1051 1281 in
1065 1222 1232 1284 universum
1277 1233 1278 1236 ’

228 1321 304 1365 arne
319 1321 375 1364 non
389 1313 487 1384 potest
500 1301 594 1365 statui.
617 1303 649 1365 Id
664 1321 735 1382 ergo
756 1303 833 1381 quod
850 1321 965 1384 semper
985 1307 1158 1367 tutissimum
1176 1316 1230 1384 est,
1277 1311 1278 1326 ¹

229 1388 403 1467 sequendum
425 1390 563 1467 cuiusque
589 1389 708 1451 civitatis
729 1385 933 1466 legem-puto,
957 1388 1069 1449 scilicet
1090 1389 1230 1450 adversus

229 1487 281 1531 eos
297 1473 344 1550 qui
362 1471 440 1531 inviti
456 1472 524 1532 bunt
539 1471 709 1532 decuriones
723 1471 751 1530 id
767 1472 897 1530 existimo
916 1480 1047 1549 acturos,
1065 1479 1099 1531 nt
1113 1481 1132 1542 †
1145 1490 1230 1552 prae-

228 1553 296 1614 iatio
311 1555 416 1615 ceteris
433 1554 621 1633 praeferatur.
720 1587 721 1590 κ
1240 1563 1265 1615 15

606 1685 722 1748 cxrrn.
745 1684 854 1764 [oxu]

447 1784 474 1838 G.
498 1783 622 1836 PLINIUS
640 1784 785 1836 TRAIANO
803 1783 1014 1838 IMPERATORI.

204 1893 217 1946 1
289 1885 380 1963 Lege,
398 1885 527 1964 domine,
542 1884 693 1964 Pompeia,
712 1886 881 1963 permissum
897 1885 1052 1961 Bithynicis
1068 1886 1229 1947 civitatibus

227 1969 391 2031 adscribere
413 1969 468 2030 sibi
489 1986 561 2048 qnos
581 1967 692 2029 vellent
710 1970 800 2045 cives,
816 1968 881 2028 dum
898 1986 934 2029 ne
949 1987 1033 2048 quern
1049 1987 1146 2029 carum
1162 1971 1266 2030 ciri-io

227 2063 315 2115 tatum
332 2071 405 2131 qnae
426 2060 491 2114 sunt
508 2055 536 2111 in
555 2051 693 2128 Bithynia.
727 2050 834 2111 Eadem
850 2050 918 2129 lege
933 2054 1058 2112 sancitur
1072 2053 1176 2131 quibus
1193 2053 1229 2112 de
1277 2063 1278 2135 ι

203 2139 321 2198 boensis
344 2155 361 2197 e
381 2145 480 2197 senatu
502 2153 519 2195 a
540 2135 708 2196 censoribus
730 2135 875 2195 eiciantur.
908 2133 977 2195 Inde
998 2153 1044 2196 me
1064 2135 1178 2215 quidam
1194 2154 1230 2196 ex

230 2220 398 2282 censoribus
416 2218 621 2280 consulendum
643 2227 812 2296 putaverunt
833 2237 868 2279 an
888 2219 985 2278 eicere
1008 2218 1148 2281 deberent
1167 2237 1229 2280 eum
1277 2241 1278 2282 ι

202 2305 276 2382 ssqni
289 2312 367 2363 esset
380 2301 499 2362 alterins
515 2303 645 2362 ciuitatis.
668 2298 751 2378 Ego,
767 2302 831 2379 quia
845 2301 896 2362 lex
908 2303 982 2363 sicut
997 2301 1120 2364 adscribi
1138 2305 1228 2364 civem

228 2386 349 2446 ebenum
362 2384 485 2460 vetabat,
502 2387 541 2444 ita
552 2385 607 2443 eici
622 2403 639 2443 e
654 2392 754 2443 senatu
767 2384 804 2444 ob
817 2385 889 2446 banc
906 2401 1017 2445 causam
1033 2403 1089 2446 non
1100 2386 1226 2463 iubebat,
1236 2393 1278 2468 rip

227 2477 377 2546 praeterea
404 2466 481 2544 quod
502 2466 699 2526 adfirmabatur
716 2465 783 2525 mibi
807 2469 932 2529 inomni
957 2469 1071 2552 civitate
1091 2469 1229 2547 plurimos
1277 2469 1278 2562 i

228 2569 296 2612 esse
317 2549 447 2612 buleutas
470 2568 507 2611 ex
527 2549 589 2610 aliis
611 2549 770 2611 civitatibus
791 2550 972 2631 futurumque
996 2561 1026 2612 ut
1045 2552 1126 2618 multi
1140 2553 1229 2614 borni·
1277 2569 1278 2634 i

229 2653 284 2698 nes
301 2635 463 2713 multaeque
482 2636 611 2696 civitates
628 2643 858 2714 concuterentur,
875 2653 944 2698 cum
958 2653 991 2695 ea
1005 2653 1072 2714 pars
1086 2636 1163 2714 legis
1177 2639 1229 2696 ium

227 2719 337 2800 pridem
352 2736 496 2781 consensu
510 2718 632 2798 quodam
646 2716 842 2797 exolevisset,
863 2721 1058 2780 necessarium
1072 2721 1228 2782 existimari

185 2816 187 2820 ·
228 2803 380 2865 consulere
399 2813 430 2864 te
453 2804 520 2881 quid
541 2801 708 2864 servandum
727 2811 853 2878 putares.
885 2799 984 2882 Capita
1005 2801 1080 2881 legis
1094 2804 1138 2866 bis
1153 2803 1265 2866 litte-30

226 2888 265 2947 ris
280 2887 401 2947 subieci.

544 2964 545 2967 Ὺ
612 3013 697 3076 cxv.
720 3014 844 3095 [oxvrp

560 3115 722 3168 TRAIANUS
739 3115 846 3167 PLINIO
865 3113 891 3166 S.

289 3214 392 3277 Merito
418 3217 553 3296 haesisti,
584 3219 717 3280 Secunde
740 3221 901 3297 carissime,
929 3219 995 3299 qnid
1011 3237 1032 3301 a
1055 3227 1085 3279 ts
1107 3218 1263 3282 rescribi35

228 3309 377 3380 oporteret
392 3302 559 3364 censoribus
578 3303 809 3379 consulentibus,
837 3321 871 3364 an
888 3344 957 3363 ....
975 3304 1003 3362 in
1017 3312 1146 3363 senatum
1161 3301 1226 3362 slia-

226 3403 289 3444 rum
303 3386 457 3463 civitatum,
475 3385 602 3447 eiusdem
616 3395 708 3446 tamen
721 3388 885 3465 provinciae
901 3389 991 3448 cives.
1018 3384 1090 3446 Nam
1107 3395 1136 3446 et
1151 3385 1225 3462 legis

225 3469 380 3528 auctoritas
402 3477 432 3528 et
452 3468 538 3546 longa
560 3469 737 3531 consuetudo
757 3480 891 3549 usurpata
909 3480 1006 3530 contra
1026 3468 1123 3547 legem
1143 3469 1171 3527 in
1187 3468 1227 3527 di·
