2604 3972
395 584 431 668 c.
460 581 569 664 llllll
597 581 755 664 clEclLl
781 577 958 662 SlCllNlll

420 715 466 782 lu
484 713 664 780 nulnum
682 711 938 781 ruruumcrunr

347 833 487 902 uurrlru
515 830 753 900 incunctatus
782 831 827 899 nu
856 827 999 897 rnrnuu

269 954 521 1069 llll
572 953 764 1067 llll
737 945 1102 1064 llllll

629 1123 737 1182 utana

668 1271 691 1332 t

401 1372 429 1424 G.
448 1370 574 1424 PLINIUS
589 1368 734 1423 TRAIANO
752 1366 963 1420 IMPERATORL

159 1489 172 1541 1
244 1472 304 1534 'lua
326 1473 440 1553 quidem
459 1474 569 1552 piatas,
592 1475 746 1572 imperator
765 1472 963 1548 sanctissime,
987 1477 1136 1548 opmverat
1157 1478 1189 1528 nt

181 1575 264 1638 quarn
277 1556 439 1618 tardissime
454 1556 631 1619 succederes
646 1559 734 1637 patri;
756 1554 809 1617 scd
830 1555 868 1615 dii
888 1553 1053 1616 inmortales
1071 1554 1188 1614 lustina·

180 1649 283 1702 verunt
298 1642 420 1702 virtutes
435 1650 498 1702 tuus
520 1641 554 1701 ad
569 1639 762 1719 gubernacula
776 1641 819 1700 rei
840 1639 973 1720 publicae
988 1651 1233 1738 cccccccccc-1⁰

154 1739 266 1807 ηοω
281 1725 445 1787 admovere.
471 1724 580 1785 Precor
594 1743 665 1803 ergo
680 1734 711 1786 nt
724 1725 775 1786 tibi
793 1733 823 1785 et
836 1742 891 1803 per
905 1733 934 1785 te
950 1741 1051 1802 geuen
1044 1722 1187 1783 humanu

180 1826 320 1891 prospera
337 1811 446 1888 omnia,
467 1808 497 1869 id
511 1818 558 1871 est
572 1809 656 1909 digna
669 1808 787 1871 saeculo
803 1818 853 1869 tun
870 1810 1042 1886 contingant.
1071 1805 1187 1868 Fortem

179 1905 209 1956 te
223 1901 253 1955 et
266 1893 383 1954 hilarem
384 1895 565 1973 ,imperator
580 1895 700 1974 optime,
715 1903 745 1955 et
760 1895 890 1972 priuatim
904 1902 934 1955 et
947 1890 1065 1972 publice
1079 1899 1159 1971 opto.

622 2027 700 2100 11.

411 2127 438 2182 G.
455 2126 580 2180 PLINIUS
598 2087 743 2177 tumulto
758 2125 966 2178 tmpuatuortl.

155 2242 167 2294 l
239 2229 422 2310 Exprimere,
439 2229 563 2308 domine,
579 2229 677 2290 uerbis
689 2246 746 2290 non
760 2245 879 2308 pessum
894 2236 1028 2307 quantum
1041 2225 1108 2286 milri
1118 2242 1187 2303 guu-

180 2314 255 2375 dinm
270 2313 417 2391 attuleris,
440 2312 517 2392 quod
538 2331 585 2372 mc
600 2313 715 2391 dignum
729 2315 835 2392 putasti
850 2314 911 2373 iure
926 2314 1009 2373 trium
1022 2310 1188 2372 liberorum.

180 2397 314 2471 Quamvis
336 2399 415 2468 eninr¹
431 2396 495 2456 lulii
516 2397 661 2472 Serviani,
684 2399 783 2476 optimi
802 2399 856 2457 viri
876 2399 975 2476 tuique
995 2395 1187 2471 amantissimi,

180 2481 315 2560 precibus
324 2480 489 2558 indulseris,
506 2488 597 2540 tamen
611 2481 695 2540 etiam
706 2483 893 2562 exrescriptc
904 2479 1043 2558 intellego
1052 2478 1187 2540 libentius
1196 2488 1236 2542 20

153 2565 236 2625 thoe
253 2566 280 2624 ei
295 2573 325 2625 tc
341 2565 532 2645 praestitisse,
549 2565 614 2644 quia
628 2581 682 2645 pro
696 2582 741 2625 me
754 2566 884 2644 rogabat.
905 2565 1013 2627 Videor
1028 2581 1099 2642 ergo
1111 2579 1187 2626 suun-

178 2665 251 2710 marn
264 2650 326 2710 uoti
340 2651 396 2712 mei
419 2657 608 2728 consecutus,
636 2667 700 2710 cum
721 2651 797 2711 inter
814 2652 890 2711 initia
906 2649 1066 2711 felicissimi
1083 2649 1187 2727 princi·

179 2743 261 2812 patus
275 2733 316 2795 tui
330 2735 498 2815 probareris
512 2751 559 2794 me
574 2735 609 2795 ad
624 2734 800 2814 peculiarem
813 2733 1017 2814 indulgentiam
1030 2742 1106 2794 tuam
1120 2747 1186 2812 per·

178 2820 285 2888 tinere;
308 2835 403 2900 ecque
424 2819 514 2897 magis
535 2819 644 2880 liberos
666 2821 860 2900 concupisco,
885 2835 958 2899 quce
981 2817 1087 2879 haltere
1103 2817 1187 2877 etiam

178 2901 230 2962 illc
248 2904 409 2965 tristissimo
425 2902 543 2964 saeculo
557 2901 654 2981 volui,
675 2906 751 2965 sicut
769 2912 855 2983 pates
878 2903 989 2965 duobus
1003 2901 1235 2964 matrimoniind

1196 2075 1234 2127 15

153 2987 251 3050 dmeis
268 2986 397 3047 credere.
424 2985 483 3047 Sed
497 2985 536 3046 dii
550 2987 668 3066 melius,
691 2991 739 3068 qui
755 2990 847 3049 omnia
861 2989 971 3067 integra
988 2986 1108 3047 bonitati
1121 2993 1186 3044 tuae

177 3079 369 3131 reservarunt.
402 3068 489 3130 llnlui
509 3069 566 3130 hcc
582 3073 678 3151 potins
699 3081 830 3152 ternpore
853 3089 900 3133 me
921 3081 1031 3153 patrem
1052 3070 1113 3131 fleri
1130 3085 1187 3149 quc

179 3153 289 3215 iuturus
305 3172 402 3216 essem
417 3162 447 3216 et
462 3172 582 3216 securus
599 3165 628 3217 et
643 3155 723 3218 felix.

404 3388 431 3439 G.
451 3388 576 3441 PLINIUS
592 3287 742 3440 gildlffi
751 3291 959 3441 {mumdum

154 3500 171 3554 1
241 3489 278 3551 Ut
298 3490 418 3570 primum
438 3507 501 3571 me,
526 3491 656 3570 domne,
679 3491 853 3570 indulgentia
873 3499 969 3553 vestra
990 3491 1132 3572 promovit
1153 3488 1190 3550 ad
