2584 3972
364 270 626 336 EPISTULARUM
636 273 684 334 vt.
702 281 744 336 14.
758 281 801 334 15.
814 281 856 336 16.
1053 271 1114 337 117

111 430 172 490 eius
184 427 355 506 scriptorum
369 435 478 488 tuorum
489 428 641 488 aeternitas
657 424 749 486 addet.
772 422 912 503 Equidem
929 424 1030 486 beatos
1043 433 1138 505 putot

111 513 213 594 quibus
224 511 342 572 deorum
352 527 469 570 munere
481 509 574 570 datum
591 519 636 570 est
653 517 700 569 aut
711 507 808 569 iacere
819 507 970 569 scribenda
983 517 1031 569 aut
1043 512 1113 571 scri·

107 598 182 658 bere
200 594 338 674 legenda,
360 595 538 655 beatissimos
554 611 626 654 vero
647 593 750 672 quibus
771 601 929 672 utrumque.
962 590 1069 653 llorum
1085 595 1113 656 iu

108 697 227 741 numero
243 677 399 740 avunculus
416 697 498 738 meus
516 687 546 738 et
563 679 622 739 suis
633 676 714 737 libris
733 683 764 736 ct
778 678 834 737 tuis
849 679 911 736 erit.
944 675 1008 749 Quo
1022 675 1112 737 libeu-

82 767 166 826 otius
179 765 321 842 suscipio,
338 761 467 841 deposco
483 763 568 822 etiam
585 761 660 841 quod
677 761 808 838 iniungis.
838 758 907 819 llrat
923 758 1025 822 Miseni
1040 759 1139 822 clas-4

109 866 230 928 samque
247 847 368 926 imperio
387 864 524 923 praesens
540 846 671 923 regebat.
699 842 811 904 Nouum
828 841 892 904 llal.
912 843 1111 922 Septembres,

109 932 180 994 bora
195 931 258 992 iere
272 933 408 1009 septima,
428 939 517 992 mater
532 947 595 989 mea
608 927 711 988 iudicat
723 929 750 986 ei
760 945 899 1006 apparere
912 929 1016 989 nubem
1027 929 1112 988 inusi-

108 1025 166 1076 tata
179 1025 210 1076 et
220 1014 409 1092 magnitudine
426 1023 457 1075 ct
469 1015 578 1093 specie.
608 1013 685 1074 Usus
701 1011 751 1072 ille
762 1012 836 1089 sole,
854 1028 921 1073 mox
934 1011 1047 1090 frigida,
1060 1019 1138 1089 gru-5

109 1108 235 1160 staverat
247 1100 346 1159 iacens
356 1096 561 1176 studebatque:
579 1098 675 1175 poscit
691 1095 804 1173 soleas,
827 1096 956 1157 ascendit
969 1095 1064 1156 locum
1075 1114 1116 1158 ex

66 1185 297 1262 loquornaxime
312 1180 475 1242 miraculum
487 1179 557 1241 illud
569 1181 698 1259 conspici
710 1187 830 1258 poterat.
852 1178 963 1258 Nubes,
974 1181 1113 1241 incertum

107 1266 211 1346 procul
226 1266 397 1326 intuentibus
414 1284 451 1325 ex
465 1283 522 1344 quo
541 1273 635 1324 monte
653 1263 823 1342 (Vesuvium
839 1262 929 1323 fuisse
946 1272 1048 1342 postca
1063 1280 1113 1324 co·

107 1352 217 1430 gnitum
229 1349 307 1428 est),
325 1350 485 1426 oriebatur,
502 1351 581 1408 cuius
594 1346 803 1408 similitudinem
817 1355 848 1407 et
858 1346 975 1408 formam
991 1363 1049 1406 uon
1059 1345 1113 1407 ulia

107 1436 199 1512 magis
218 1433 303 1493 arbor
326 1451 409 1512 (ιιιιιι
431 1434 514 1512 pinus
536 1433 721 1510 expresserit.
753 1429 825 1491 Nam
843 1429 1011 1508 longissimo
1032 1430 1138 1492 veluto

107 1526 210 1578 trunco
228 1516 301 1578 alata
317 1518 346 1577 iu
362 1515 449 1576 altum
468 1516 635 1596 quibusdam
656 1516 740 1577 ramis
762 1514 985 1591 diffundebatur,
1010 1514 1110 1592 credo,

66 1613 98 1667 15
109 1603 176 1682 quia
195 1602 306 1662 recenti
326 1601 425 1680 spiritu
446 1608 564 1677 erecta,
587 1599 653 1660 dein
667 1606 840 1661 senescente
863 1617 899 1659 eo
913 1598 1047 1660 destituta
1064 1608 1112 1659 aut

108 1688 194 1746 etiam
211 1684 340 1764 pondere
360 1701 412 1744 suo
432 1686 508 1744 ricta
532 1686 561 1744 in
583 1683 758 1744 latitudinem
779 1684 966 1744 rarescebant:
994 1682 1112 1743 candida

107 1768 264 1846 interdum,
287 1768 426 1828 interdum
445 1767 559 1828 sordida
578 1777 607 1829 et
622 1767 777 1844 maculosa,
800 1777 886 1846 prout
907 1774 1010 1827 terram
1033 1768 1110 1827 ciue·
1174 1813 1226 1834 ,..

106 1869 207 1914 remvc
224 1852 384 1912 sustulerat.
412 1850 544 1928 llagnum
564 1853 740 1931 propiusque
754 1851 946 1928 noscendum,
969 1859 1000 1911 ut
1017 1849 1136 1913 erudi-i

105 1937 308 2014 tissimoviro,
330 1937 430 1996 visum.
462 1935 544 1995 lubet
554 1935 730 1996 Liburnicum
742 1937 844 2013 aptari:
868 1934 952 2013 mibi,
976 1936 1001 1997 si
1012 1935 1111 1995 venire

63 2026 164 2080 Souna
176 2018 297 2096 vellem,
316 2018 384 2080 iacit
399 2021 525 2098 copiam:
540 2018 675 2098 respondi
693 2018 808 2078 studere
819 2036 864 2078 mc
876 2017 976 2095 malle,
994 2026 1025 2078 et
1036 2017 1110 2078 forte

106 2106 173 2183 ipse
184 2102 262 2182 qnod
273 2103 430 2164 scriberem
442 2102 568 2165 dederat.
596 2101 806 2179 Egrediebatur
824 2100 922 2160 domo:
945 2102 1050 2180 accipit
1062 2109 1137 2164 (ιο-8

107 2186 224 2247 dicillos
237 2185 374 2248 Rectinae
386 2185 469 2247 Tasci
483 2188 626 2246 inminenti
637 2183 768 2264 periculo
782 2185 934 2245 exterritae
955 2185 1033 2263 (nam
1043 2184 1111 2244 villa

107 2274 170 2332 eius
182 2269 359 2349 sublucebat,
374 2287 429 2330 nec
443 2269 501 2330 ulla
517 2271 571 2330 uisi
583 2269 701 2330 navibus
715 2268 814 2348 iuga):
831 2279 862 2330 ut
874 2287 907 2330 sc
921 2277 999 2330 tauto
1011 2268 1111 2330 discri-

106 2355 174 2414 mini
191 2355 317 2433 eriperct
338 2354 445 2415 orabat.
475 2353 568 2416 Vertit
590 2352 640 2414 ille
661 2351 809 2414 consilium
831 2361 861 2414 et
883 2352 960 2434 quod
980 2350 1137 2417 studioso9

63 2440 199 2502 manino
212 2438 394 2499 inchoaverat
412 2439 472 2498 obit
484 2441 614 2499 maximo.
646 2437 770 2498 Deducit
781 2437 992 2517 quadriremes,
1009 2455 1112 2499 asceu-

108 2523 148 2583 dit
169 2524 246 2601 ipse,
268 2539 325 2582 non
339 2521 478 2582 Rectinae
493 2522 578 2583 modo
597 2521 649 2583 sed
665 2520 760 2583 multis
779 2523 856 2601 (erat
876 2523 951 2582 cuim
973 2521 1110 2600 frequens

107 2608 263 2666 amoenitas
282 2606 365 2685 orae)
383 2604 490 2667 laturus
506 2606 646 2666 auxilium.
679 2604 816 2685 Properat
827 2605 897 2666 illuc
908 2604 983 2666 unde
998 2605 1045 2664 alii
1066 2605 1109 2665 iu·
1120 2616 1153 2668 10

107 2693 204 2768 giunt,
222 2699 390 2770 rectumque
405 2707 534 2768 cursum,
552 2700 632 2750 recta
647 2689 840 2767 gubernacula
856 2691 885 2748 in
896 2688 1054 2768 periculum
1067 2697 1110 2748 tc·

105 2783 169 2851 net,
181 2773 253 2833 adeo
266 2772 377 2835 solutus
390 2783 468 2834 metu
482 2783 512 2836 ut
529 2776 618 2833 omnis
634 2771 711 2833 illius
727 2771 791 2833 mali
804 2781 915 2850 motus,
937 2773 1027 2833 omnis
1039 2772 1110 2849 ligu-

64 2871 171 2934 soras,
186 2865 218 2915 ut
233 2855 423 2937 deprenderat
437 2859 547 2935 oculis,
565 2857 684 2918 dictaret
704 2865 899 2934 ouotaretque.
922 2855 980 2915 lam
992 2856 1109 2916 naribus
1119 2867 1151 2920 11

108 2943 181 3002 cinis
197 2940 356 3019 incidebat,
383 2958 439 3021 quo
461 2945 579 3021 propius
594 2940 782 3019 accederent,
806 2939 924 3002 calidior
937 2946 966 3001 ct
983 2940 1109 3018 densior,

105 3026 162 3086 ism
178 3026 308 3104 pumices
328 3028 411 3086 etiam
425 3028 555 3106 nigrique
572 3033 601 3085 et
615 3025 734 3085 ambusti
748 3035 777 3085 ct
794 3024 877 3085 fracti
898 3026 966 3102 igne
987 3023 1109 3103 lapides,

105 3111 161 3168 iam
180 3108 282 3168 vadum
298 3110 422 3171 subitum
440 3111 577 3188 ruinaque
598 3111 702 3170 montis
718 3108 800 3169 litora
817 3110 964 3169 obstantia.
988 3104 1110 3168 Cuncta·

105 3202 153 3253 tus
168 3190 282 3270 paulum
297 3211 332 3253 au
347 3202 426 3254 retro
443 3193 591 3271 ilecterct,
612 3211 680 3254 mox
701 3194 883 3271 gubernatori
903 3201 933 3252 ut
945 3195 984 3253 ita
1000 3191 1111 3252 iaceret

65 3279 232 3338 dimouenti
258 3277 373 3339 ‘fortes’
398 3277 496 3357 inquid
516 3278 640 3338 ‘fortuna
661 3278 753 3338 iuvat:
779 3276 998 3355 Pomponianum
1015 3279 1108 3355 pete.’

106 3360 212 3421 Stabiis
234 3371 312 3440 erat,
335 3361 490 3442 diremptus
512 3362 574 3422 sinu
595 3355 703 3431 rnedio;
728 3379 790 3422 narn
808 3361 914 3422 sensim
932 3360 1109 3422 circumactis
1119 3367 1153 3421 12

106 3447 290 3524 curvatisque
306 3444 436 3506 litoribus
451 3463 527 3506 maro
544 3444 705 3506 infunditur.
728 3443 789 3521 lbi,
808 3462 975 3526 quamquam
988 3442 1111 3504 noudum

104 3528 238 3608 periculo
249 3529 508 3610 adpropinquante,
533 3531 689 3609 conspicuo
705 3538 815 3608 tamen,
829 3538 859 3591 ct
875 3546 939 3589 cum
951 3535 1109 3603 cresceret,
