2584 3972
613 241 646 306 0.
666 242 766 306 l’ldlll

665 393 715 458 111.

491 496 517 549 e.
535 495 660 548 nmmos
677 496 765 549 vanc
783 495 843 546 suo

163 618 177 670 1
250 596 359 660 Gratias
380 615 435 676 ago
457 595 534 677 quod
553 596 679 675 agellum
698 614 782 676 quem
797 597 900 658 nutrici
919 615 1000 658 meae
1022 596 1198 659 donaveram

188 682 339 744 colendum
350 683 515 759 suscepisti.
534 679 614 759 Erat,
632 699 695 742 cunr
710 680 854 759 donarem,
872 689 986 742 centurn
996 680 1102 741 milium
1112 698 1196 741 num·

186 785 277 827 mum:
297 774 401 846 postea
422 765 628 826 descrescente
643 763 736 826 reditu
751 766 834 824 etiam
848 767 971 844 pretium
981 766 1095 842 minuit,
1113 765 1221 844 quods

163 868 263 920 nnunc
283 859 313 910 te
336 858 452 910 curante
469 849 622 928 reparabit.
650 847 693 907 'lu
713 847 797 908 modo
818 850 978 910 memineris
1000 847 1195 910 commendari

187 935 240 995 tibi
251 952 267 994 a
278 953 324 994 me
339 950 396 994 non
408 933 526 994 arbores
544 941 574 992 et
587 941 707 1009 terram,
724 950 890 1011 quamquam
903 933 976 994 baec
991 950 1123 1012 quoque,
1140 931 1197 993 sed

186 1016 384 1078 munusculum
402 1034 511 1086 meum;
534 1016 610 1095 quod
631 1035 698 1076 esse
719 1032 800 1095 quam
814 1016 1071 1078 fructuosissimum
1086 1032 1146 1076 non
1160 1015 1195 1075 il·

187 1099 242 1162 lius
257 1103 346 1180 magis
360 1103 480 1162 interest
492 1118 564 1180 quae
581 1101 695 1181 accepit
709 1117 791 1178 quarn
805 1118 869 1160 mea
882 1103 932 1180 qui
946 1100 1021 1161 dedi.
1052 1099 1136 1160 Vale.

653 1247 718 1308 llll.

418 1347 445 1402 G.
464 1347 589 1400 PLINIUS
607 1347 811 1400 GALPURNIAE
830 1347 915 1398 SUAE
933 1347 960 1401 S.

166 1482 179 1532 1
250 1464 409 1544 Numquam
436 1483 499 1526 sum
519 1467 609 1542 magis
637 1465 674 1526 de
699 1465 935 1544 occupationibus
960 1466 1031 1527 meis
1059 1474 1193 1544 questus,

190 1568 262 1630 quae
288 1567 334 1609 me
360 1566 417 1609 non
438 1557 504 1609 sunt
525 1566 629 1627 passae
650 1558 698 1609 aut
718 1549 951 1628 proticiscentem
975 1558 1005 1609 te
1030 1548 1194 1611 valitudinis

190 1651 276 1695 causa
289 1633 318 1692 in
332 1630 511 1711 Campaniam
522 1633 660 1710 prosequi
680 1643 727 1694 aut
741 1632 900 1712 proiectam
915 1651 932 1692 e
949 1635 1073 1712 vestigio
1090 1634 1193 1695 subse·
1202 1649 1233 1703 15

165 1719 247 1798 aqui.
269 1714 352 1778 Nunc
364 1718 437 1778 enim
451 1716 606 1796 praecipue
621 1715 704 1777 simul
715 1736 782 1777 esse
794 1717 954 1796 cupiebam,
972 1726 1002 1777 ut
1017 1716 1109 1779 oeulis
1120 1719 1193 1778 meis

192 1801 341 1862 crederem
357 1799 424 1879 quid
436 1800 556 1877 viribus,
574 1800 641 1879 quid
656 1800 829 1878 corpusculo
845 1800 1009 1879 adparatos,
1026 1801 1131 1882 ecquid
1143 1801 1193 1862 de·

191 1887 276 1964 nique
298 1902 434 1946 secessus
455 1883 609 1963 voluptatis
629 1886 814 1964 regionisque
836 1883 1030 1945 abundantiam
1053 1885 1194 1947 inollcnsa

165 1970 407 2032 3transnnittcres.
427 1966 567 2047 Equidem
583 1970 667 2029 etiam
683 1969 787 2030 fortem
803 1976 832 2030 te
852 1986 908 2030 non
922 1971 984 2030 sine
999 1987 1066 2030 cura
1079 1968 1193 2030 deside·
1283 2023 1284 2048 ,

188 2071 296 2124 rarem;
318 2062 364 2114 est
384 2054 458 2113 enim
476 2069 647 2130 suspensum
668 2063 698 2114 et
718 2055 829 2113 anxium
850 2052 886 2113 de
901 2071 938 2112 eo
955 2071 1040 2132 quern
1055 2054 1233 2114 ardentis-20
1283 2053 1284 2072 ¹

167 2139 263 2200 tsime
284 2136 384 2215 diligas
399 2137 539 2198 interdum
558 2135 628 2196 nihil
651 2139 742 2198 scire:
761 2155 837 2197 nuuc
855 2154 925 2196 vero
948 2153 994 2197 me
1011 2155 1075 2197 oum
1089 2137 1192 2198 absen-

191 2225 247 2283 tiae
261 2229 319 2280 tum
333 2220 499 2283 infirmitatis
515 2231 579 2281 tuae
594 2221 665 2280 ratic
679 2223 789 2281 incerta
803 2229 832 2282 et
845 2222 922 2280 varia
933 2220 1127 2282 sollicitudine
1142 2238 1192 2281 ex·

192 2314 289 2366 terret.
312 2304 425 2364 Vereor
436 2306 539 2383 omnia,
551 2305 689 2381 imaginor
700 2306 802 2382 omnia,
815 2322 945 2383 quaeque
955 2313 1053 2366 natura
1063 2315 1192 2366 metuen-

167 2399 250 2449 5tum
267 2397 329 2465 est,
353 2405 387 2448 ea
400 2389 519 2447 maxime
536 2387 603 2446 mibi
623 2405 696 2466 quae
714 2390 832 2449 maxime
847 2389 993 2449 abominor
1006 2389 1092 2468 lingo.
1126 2387 1191 2462 Quo

190 2473 337 2550 inpensius
356 2487 429 2549 rogo
450 2478 480 2531 ut
500 2472 592 2531 timori
610 2487 675 2529 meo
698 2471 804 2532 cotidie
823 2471 941 2550 singulis
955 2472 1004 2533 vel
1020 2475 1102 2534 etiam
1117 2473 1232 2536 binisbe

191 2553 323 2635 epistulis
347 2552 489 2618 consulas.
521 2551 579 2614 Ero
603 2555 677 2614 enim
692 2557 840 2634 securior,
857 2555 921 2616 dum
936 2556 1020 2635 lego,
1042 2558 1191 2636 statimque

190 2638 313 2715 timebo,
337 2656 401 2700 cunr
416 2637 527 2716 legero.
560 2637 641 2698 Vale.

496 2887 523 2936 C.
539 2885 663 2938 PLINIUS
673 2787 762 2937 llltso
779 2886 839 2938 SUO
858 2887 886 2943 S.
1198 2917 1229 2972 Μ
1283 2897 1284 2926 3

166 3000 182 3055 1
255 2989 432 3068 Scripseram
454 2990 581 3051 tenuisse
594 2989 735 3052 Varenum
756 3000 787 3053 ut
807 2992 862 3052 sibi
876 3008 999 3053 evocare
1015 3000 1107 3054 testes
1122 2991 1192 3053 lice·
1283 3011 1284 3016 ¹

193 3082 254 3144 ret;
281 3073 358 3153 quod
378 3072 507 3153 pluribus
531 3090 668 3154 aequom,
693 3075 860 3154 quibusdum
881 3076 1006 3155 iniquom
1031 3075 1193 3154 etquidem
1283 3085 1284 3102 ³

193 3159 377 3238 pertinaciter
396 3159 505 3235 visum,
530 3161 649 3221 marium
670 3158 777 3220 Licinio
793 3157 916 3239 Nepoti,
938 3162 986 3238 qui
1001 3162 1134 3239 sequenti
1147 3178 1191 3221 se·
1283 3163 1284 3236 ,

192 3251 271 3320 natu,
287 3260 351 3304 curu
365 3240 401 3303 de
415 3242 502 3303 rebus
516 3243 578 3305 aliis
592 3244 764 3322 referretur,
790 3243 826 3304 de
847 3245 976 3323 proximo
990 3253 1106 3306 senatus
1124 3261 1192 3305 con·
1283 3259 1284 3304 t

167 3325 269 3387 usutto
294 3325 428 3387 disseruit
451 3327 609 3407 finitamque
631 3346 743 3392 causam
769 3329 942 3388 retractavit.
971 3327 1088 3390 Addidit
1109 3330 1231 3395 eomes
1283 3313 1284 3408 l

193 3408 346 3488 petendum
362 3428 379 3471 a
401 3409 565 3473 consulibus
583 3421 615 3472 ut
635 3412 777 3474 referrent
797 3412 851 3473 sub
871 3411 1004 3491 exemplo
1018 3411 1094 3490 legis
1107 3413 1193 3473 ambi·

1204 1189 1234 1244 l·

193 3501 239 3553 tus
254 3492 290 3554 de
304 3491 372 3573 lege
391 3496 625 3575 repetundarum,
650 3513 685 3556 an
701 3496 830 3576 placeret
845 3496 1008 3556 infuturum
1024 3495 1060 3557 ad
1076 3513 1137 3557 eam
1151 3495 1193 3558 le·
