2584 3972
184 234 225 350 'lh
611 283 644 344 G.
667 281 764 343 Pthl

143 443 176 498 14
184 439 315 499 rietatem
335 434 466 514 duarum,
492 444 653 496 contextum
676 437 759 496 unius
779 433 913 496 habuisse
936 434 1093 496 credantur.
1129 435 1190 498 lie-

184 519 301 601 spondit
320 517 481 581 Herennius
499 518 581 580 Polio
602 522 738 581 instanter
759 527 789 580 et
809 519 952 596 graviter,
977 518 1080 578 deinde
1094 517 1189 580 'lheo-

185 606 293 685 phanes
314 621 421 666 rursus.
453 602 535 663 Fecit
556 605 631 663 enim
650 603 707 662 hcc
721 619 836 682 quoque
854 611 885 662 ut
899 612 996 662 cetera
1012 599 1190 682 inpudentis-

184 691 272 766 simc,
293 687 371 767 quod
390 696 457 764 post
472 685 545 748 dnos
567 695 596 746 et
618 685 783 747 consulares
804 693 833 745 et
853 684 978 747 disertos
999 695 1111 764 tempus
1131 687 1189 748 sibi

184 771 339 852 etquidem
350 770 440 832 laxius
453 771 616 830 vindicavit.
641 770 721 830 Dixit
738 772 765 830 in
783 778 896 830 noctem
908 777 994 848 atque
1006 771 1090 830 etiam
1101 778 1214 832 noemi>

145 856 278 920 ustulatis
292 854 427 915 lucernis.
457 852 579 916 Postero
594 853 641 914 dic
654 862 775 932 egerunt
788 869 841 934 pro
856 853 947 914 Basso
963 852 1054 914 Titius
1072 850 1191 914 llomul·

184 939 229 1002 lus
245 948 274 999 et
288 938 394 999 Fronto
407 938 541 998 mirilico:
568 947 696 1017 quartum
711 937 785 998 diem
802 936 985 1016 probationes
1002 949 1189 1016 occuparunt.

143 1032 176 1085 16
187 1022 306 1084 Censuit
319 1022 443 1083 Baebius
457 1020 565 1100 blacer,
580 1020 680 1083 consul
695 1019 870 1098 designatus,
887 1019 955 1098 lege
969 1021 1190 1099 repetundarum

184 1107 304 1168 Bassum
320 1107 430 1184 teneri,
451 1102 560 1185 Caepio
576 1105 679 1185 llispo,
696 1104 774 1166 salva
789 1105 925 1183 dignitate
940 1104 1049 1166 iudices
1066 1104 1190 1166 dandos:

144 1198 174 1253 17
185 1201 306 1269 uterque
320 1197 411 1250 recte.
435 1188 490 1263 out
505 1189 567 1250 lieri
582 1186 698 1268 potest?
713 1190 823 1267 inquis:
839 1190 903 1266 quia
917 1188 1033 1251 scilicet
1046 1197 1076 1248 et
1091 1187 1190 1252 Macro
1199 1197 1233 1252 10

71 1284 74 1293 '
146 1267 150 1276 ’
184 1274 280 1352 legem
300 1274 419 1334 intuenti
441 1283 662 1335 consentaneum
677 1273 730 1334 luit
745 1272 875 1333 damnare
891 1290 955 1332 eum
969 1274 1017 1350 qui
1034 1282 1133 1334 contra
1146 1272 1190 1334 le·

184 1375 251 1437 gem
265 1375 381 1418 munera
394 1366 558 1436 acceperat,
574 1366 604 1418 et
618 1356 737 1438 Caepio,
754 1374 818 1418 cum
835 1365 947 1434 putarat
960 1354 1051 1416 licere
1065 1359 1188 1434 senatui,

185 1444 258 1502 sicut
271 1440 352 1512 licet,
368 1449 397 1500 et
409 1441 540 1518 mitigare
552 1440 635 1520 leges
650 1451 679 1502 et
692 1440 853 1518 intendere,
869 1457 926 1500 non
939 1441 1001 1501 sine
1016 1442 1125 1500 ratione
1138 1459 1190 1502 ve·
1283 1489 1284 1510 ,

145 1532 177 1588 18
184 1527 258 1587 niam
274 1523 352 1584 dedit
367 1522 461 1602 iacto,
483 1526 572 1584 vetito
589 1513 702 1603 qu'idem
716 1541 773 1586 nou
788 1533 881 1585 tamen
895 1525 1036 1585 inusitato.
1068 1523 1189 1587 Praeva·
1283 1543 1284 1620 p

184 1609 236 1670 luit
250 1608 390 1670 sententia
405 1604 569 1686 Caepionis,
585 1610 653 1686 quin
671 1609 757 1668 immo
774 1610 957 1685 consurgenti
971 1607 1049 1668 eiad
1066 1623 1232 1673 censen-15

185 1693 250 1754 dum
269 1689 454 1752 adclamatum
476 1700 536 1769 est,
564 1691 641 1770 quod
656 1690 732 1752 solet
746 1690 948 1754 residentibus.
969 1689 1015 1750 Ex
1030 1709 1087 1769 quo
1102 1701 1188 1771 potes

184 1778 335 1842 aestimare
353 1784 459 1853 quanto
480 1793 621 1836 consensu
641 1777 677 1836 sit
695 1784 865 1855 exceptum,
886 1792 950 1836 cum
965 1774 1090 1853 diceret,
1110 1776 1188 1855 quod

144 1867 176 1922 19
186 1869 242 1920 tam
256 1858 413 1920 favorabile
426 1858 489 1937 fuit,
509 1877 572 1920 curn
588 1859 713 1921 dicturus
730 1859 883 1920 videretur.
916 1860 987 1920 Sunt
1003 1869 1096 1920 tamen
1111 1869 1141 1920 ut
1159 1862 1188 1920 in

185 1953 283 2005 senatu
304 1945 342 2004 ita
363 1945 392 2003 in
412 1943 526 2005 civitate
543 1944 572 2003 in
593 1942 662 2005 duas
684 1943 943 2022 partes‘hominum
964 1943 1066 2003 iudicia
1087 1942 1186 2006 divisa.

184 2027 255 2089 Nam
270 2028 373 2106 quibus
392 2029 532 2089 sententia
547 2025 700 2106 Caepionis
720 2027 842 2108 placuit,
866 2027 1032 2088 sententiam
1052 2025 1140 2087 llaeri
1158 2033 1233 2089 utho

183 2111 301 2191 rigidam
316 2110 468 2190 duramque
485 2111 710 2191 reprehendunt:
739 2113 841 2190 quibus
855 2111 960 2188 Macri,
981 2109 1057 2170 illam
1071 2110 1188 2174 alteram

184 2194 350 2257 dissolutam
371 2206 457 2274 atque
483 2198 567 2257 etiam
586 2198 821 2274 incongruentem
842 2205 958 2264 vocant;
984 2202 1088 2272 negant
1112 2199 1189 2258 enim

140 2290 175 2342 20
185 2297 346 2356 congruens
366 2297 434 2340 esse
454 2283 577 2340 retinere
600 2281 628 2339 in
649 2289 748 2340 senatu
771 2281 817 2339 cui
834 2279 945 2339 iudices
964 2277 1088 2342 dederis.
1117 2279 1189 2342 {duit

184 2372 214 2422 et
232 2365 315 2423 tertia
335 2363 484 2423 sententia.
519 2361 651 2423 Valerius
671 2361 802 2424 Paulinus
823 2361 962 2425 adsensus
979 2360 1117 2440 Caepioni
1130 2363 1189 2425 hoc

182 2444 303 2523 amplius
325 2446 437 2506 censuit
456 2444 638 2505 referentum
657 2445 693 2506 de
714 2445 905 2526 Theophane,
929 2463 992 2506 cum
1014 2445 1232 2524 legationemit
1282 2457 1283 2460 ’

182 2530 382 2590 renuntiasset.
414 2527 599 2606 dignabatur
619 2531 694 2589 enim
717 2529 802 2591 multa
823 2533 850 2590 in
873 2531 1054 2592 accusatione
1078 2530 1189 2593 iecisse

140 2624 256 2693 atquae
277 2612 325 2674 illa
341 2615 404 2693 ipsa
422 2610 488 2691 lege
509 2630 564 2692 qua
583 2612 702 2675 Bassum
723 2623 906 2677 accusauerat
920 2622 1094 2675 tenerentur.
1127 2615 1187 2676 Sed

182 2697 254 2758 hanc
274 2698 442 2758 sententiam
463 2696 615 2776 consules,
638 2716 804 2777 quamquam
823 2700 957 2759 maximae
978 2701 1050 2777 parti
1069 2709 1188 2761 senatus

182 2783 253 2842 mire
269 2781 453 2861 probabatur,
469 2799 525 2843 non
540 2791 605 2842 sunt
623 2783 779 2860 persecuti.
801 2781 934 2843 Paulinus
951 2792 1045 2842 amen
1062 2793 1091 2844 et
1106 2785 1188 2844 iusti-

138 2875 175 2928 22
183 2867 240 2926 tiae
259 2865 361 2925 lamam
381 2874 411 2925 et
431 2867 604 2925 constantiae
627 2864 697 2925 tulit.
732 2865 822 2927 blisso
842 2875 941 2928 senatu
962 2866 1068 2928 bassus
1087 2871 1232 2946 magnatio

183 2949 327 3010 hominum
342 2947 518 3026 frequentia,
533 2965 635 3026 magno
650 2948 790 3026 clamore,
809 2967 911 3028 magno
924 2949 1028 3027 gaudio
1046 2961 1188 3030 exceptus

183 3040 238 3092 cst.
260 3029 382 3092 Fecerat
396 3049 461 3092 eum
474 3031 660 3094 favorabilem
673 3043 807 3094 renovata
817 3034 1008 3094 discriminum
1019 3043 1103 3095 retus
1114 3034 1189 3095 fama

182 3125 337 3194 notumque
354 3114 489 3194 periculis
509 3132 612 3176 nomen
635 3118 716 3178 etin
737 3135 862 3196 procero
885 3135 1009 3196 corpore
1027 3127 1136 3179 maesta
1158 3126 1189 3178 et

135 3199 312 3278 basqualida
332 3206 476 3261 senectus.
509 3198 634 3261 llabebis
654 3201 726 3262 hauc
746 3203 858 3262 interim
880 3201 1030 3281 epistulam
1054 3210 1086 3261 ut
1107 3195 1188 3280 πρό·

182 3281 328 3362 δρομον,
351 3284 533 3362 exspectabis
554 3287 709 3345 orationem
731 3284 845 3366 plenam
859 3294 1061 3364 onustamque,
1079 3294 1232 3364 crepe-35

107 3434 112 3448 Ι
182 3366 273 3426 ctabis
295 3365 357 3427 diu:
380 3384 474 3446 neque
489 3370 563 3430 enim
578 3368 681 3432 leviter
696 3379 725 3430 et
740 3371 860 3448 cursim,
881 3377 912 3429 ut
926 3367 963 3428 de
976 3387 1009 3429 re
1024 3377 1118 3447 unta,
1140 3387 1188 3430 ra·

180 3449 324 3511 metanda
338 3456 391 3512 est.
424 3449 508 3513 Vale.
