2580 3978
411 252 674 316 EPISTULARUM
688 253 725 315 ll.
748 262 790 316 17.
1060 252 1104 316 39

95 406 251 489 gestationi
261 404 398 468 interiore
409 407 556 470 circumitu
567 407 649 467 vinea
661 415 760 466 tenera
771 414 801 466 et
814 405 946 466 umbrosa
961 404 1103 485 nudisque

97 491 183 552 etiam
197 489 320 570 pedibus
342 489 436 551 mollis
454 499 483 550 et
499 490 616 550 cedens.
648 489 768 549 llortum
788 506 885 550 morus
908 497 937 549 et
958 490 1030 550 licus
1045 489 1104 551 fre·

98 592 191 654 quens
205 575 303 652 vestit,
320 591 436 652 quarum
451 574 582 634 arborum
601 572 650 634 illa
666 571 714 634 vel
728 573 848 634 maxime
862 573 942 634 ferax
955 582 1031 635 terra
1045 583 1101 652 est,

95 657 249 735 malignior
269 659 385 718 ceteris.
416 656 477 719 llac
490 674 548 719 non
567 656 711 718 deteriore
730 675 813 736 quam
826 658 910 718 maris
928 656 1003 717 faeie
1019 675 1103 718 cena-

73 744 138 808 stio
151 750 263 802 remota
276 759 292 801 a
304 742 373 801 mari
387 741 502 801 fruitur:
518 742 641 818 cingitur
657 740 756 803 diaetis
769 740 877 802 duabus
892 758 908 800 a
921 749 1017 819 tergo,
1035 759 1102 820 qua·

96 844 159 884 rum
180 824 316 886 fenestris
339 825 469 885 subiacet
488 823 661 885 vestibulum
680 823 765 885 villae
787 834 816 884 et
839 824 939 885 hortus
955 824 1026 885 alius
1042 825 1102 902 pin·
1227 893 1230 898 ¹

97 910 162 986 guis
189 918 219 969 et
239 909 373 968 rusticus.
406 906 479 968 llinc
503 910 734 987 cryptoporticus
756 925 849 986 prope
871 907 978 988 publici
1004 909 1102 986 operis
1111 918 1146 974 16

98 991 271 1054 extenditur.
301 991 450 1071 Utrimque
465 991 625 1070 fenestrae,
640 1011 657 1054 a
671 992 739 1052 mari
754 990 868 1071 plures,
884 993 920 1052 ab
934 991 1019 1052 horto
1033 1011 1101 1071 pau·

98 1079 206 1153 ciores,
223 1075 276 1136 sed
289 1074 405 1136 alteruis
420 1075 560 1154 singulae.
587 1075 659 1154 Hae,
678 1093 742 1136 cum
757 1094 878 1136 serenus
893 1076 954 1138 dies
969 1086 999 1136 et
1012 1077 1102 1137 inmo·

59 1181 91 1232 10
97 1170 154 1237 tus,
173 1177 284 1237 omnes,
297 1178 361 1218 cunr
372 1159 437 1221 hinc
447 1159 496 1220 vel
506 1159 571 1220 inde
582 1169 685 1221 ventus
697 1159 851 1238 inquietus,
867 1178 922 1239 qua
933 1162 1011 1221 venti
1023 1162 1102 1239 quie·

98 1253 199 1320 scunt,
224 1244 285 1303 sine
299 1243 398 1305 iniuria
417 1252 524 1323 patent.
549 1244 624 1304 Anto
642 1246 887 1322 cryptoporticum
897 1253 998 1320 xystus
1015 1244 1101 1305 violis
1112 1252 1147 1308 17

98 1329 249 1388 odoratus:
262 1336 393 1406 teporem
403 1327 475 1388 solis
486 1327 754 1407 iufusirepercussu
763 1330 994 1407 cryptoporticus
1003 1337 1101 1407 auget,

97 1430 171 1491 quae
183 1420 215 1472 ut
229 1420 309 1473 tenet
322 1411 414 1472 solem
425 1414 468 1472 sic
479 1411 640 1490 aquilonem
649 1410 758 1471 inhibet
769 1420 998 1490 summovatque,
1015 1430 1103 1491 quan·

97 1506 214 1574 tumque
233 1494 336 1556 caloris
357 1504 422 1555 ante
439 1505 544 1557 tantum
564 1505 643 1556 retro
666 1495 792 1573 frigoris.
827 1495 962 1556 Similiter
974 1495 1103 1556 Africum

61 1581 190 1656 resistit,
214 1588 299 1657 atque
319 1580 358 1639 ita
372 1578 581 1641 diversissimos
597 1590 701 1641 ventos
715 1580 802 1640 alium
821 1579 877 1641 alio
893 1580 983 1641 latere
998 1580 1103 1658 frangit

97 1673 126 1724 et
141 1664 213 1724 finit.
235 1661 313 1724 llaec
329 1662 485 1724 iucunditas
501 1666 563 1724 eius
578 1663 684 1742 hieme,
698 1666 787 1724 maior
802 1673 922 1725 aestate.
949 1662 1021 1724 llam
1035 1673 1101 1724 aute
1111 1679 1146 1733 18

95 1747 244 1808 meridiem
263 1756 394 1825 xystum,
421 1757 488 1827 post
507 1749 653 1809 meridiem
674 1749 843 1827 gestationis
858 1747 991 1827 hortique
1005 1747 1101 1826 proxi-

95 1849 169 1894 mam
184 1840 295 1911 partem
309 1832 406 1892 umbra
422 1850 473 1892 sua
487 1841 643 1912 temperat,
665 1851 755 1912 quae,
771 1843 802 1893 ut
817 1831 878 1892 dies
896 1834 986 1892 crevit
1001 1830 1102 1892 decre-

95 1917 193 1993 vitve,
220 1915 305 1976 modo
326 1916 441 1977 brevior
462 1917 547 1977 modo
570 1917 686 1995 longior
706 1916 760 1977 hac
779 1914 827 1976 vel
850 1915 898 1977 illa
919 1915 1003 1977 cadit.
1035 1915 1101 1994 Ipsa
1112 1929 1146 1982 19

57 2017 167 2072 novero
180 2001 410 2078 cryptoporticus
424 2009 482 2060 trun
492 2002 610 2061 maxime
625 2011 704 2062 caret
718 1999 793 2078 sole,
809 2018 874 2059 cum
888 2000 1102 2060 ardentissimus

96 2082 213 2143 culmini
231 2085 292 2143 eius
307 2084 419 2143 insistit.
446 2084 492 2145 hd
507 2083 564 2145 boc
581 2085 742 2164 patentibus
758 2084 893 2144 fenestris
907 2083 1039 2142 favonios
1055 2101 1101 2143 ac·

96 2168 167 2246 cipit
182 2169 400 2246 transmittitque
415 2187 469 2228 nec
488 2185 620 2247 umquam
634 2175 702 2228 abre
721 2169 804 2246 pigro
820 2176 849 2226 et
864 2175 994 2226 manente
1008 2168 1102 2243 ingra-

94 2252 201 2312 vescit.
233 2249 266 2310 ln
286 2253 379 2330 capite
400 2254 477 2327 xysti
498 2250 636 2331 deinceps
660 2253 893 2332 cryptoporticus
913 2251 989 2311 horti
1010 2249 1147 2316 diaetam)

96 2343 154 2412 est,
172 2351 285 2394 amores
297 2337 368 2402 mei;
381 2354 414 2396 re
429 2354 499 2396 vera
514 2353 641 2397 amores:
656 2337 720 2414 ipse
735 2337 830 2415 posui.
858 2335 890 2396 ln
905 2334 959 2394 bac
973 2333 1101 2394 belioca-

57 2420 187 2488 25minus
206 2418 319 2496 quidem
333 2418 386 2480 alia
398 2428 511 2495 xystum
526 2419 580 2481 alia
597 2439 672 2480 mare
687 2429 806 2499 utraque
820 2419 924 2497 solem,
940 2417 1104 2480 cubiculum

96 2511 193 2562 autem
205 2500 295 2560 valvis
308 2505 562 2592 cryptoporticum,
579 2504 704 2565 fenestra
717 2505 859 2583 prospicit
873 2521 961 2562 mare.
996 2500 1102 2563 Contra
1111 2511 1148 2565 ul

95 2587 237 2664 parietem
257 2586 379 2646 medium
403 2571 525 2647 zotheca
544 2605 682 2666 perquam
703 2587 853 2665 eleganter
871 2587 1000 2664 recedit,
1028 2603 1103 2664 quae

95 2667 297 2748 specularibus
313 2678 343 2730 et
357 2669 430 2730 velis
447 2669 578 2731 obductis
599 2670 763 2731 reductisve
784 2670 869 2730 modo
890 2669 1011 2730 adicitur
1024 2669 1104 2728 cubi-

97 2752 165 2812 culo
183 2751 269 2813 modo
290 2753 425 2814 aufertur.
457 2753 574 2814 Lectum
588 2764 617 2815 et
635 2754 702 2815 duas
716 2753 865 2815 cathedras
882 2757 972 2832 capit:
993 2749 1104 2830 apedi·

59 2837 152 2904 sobus
167 2853 247 2896 mare
255 2846 397 2916 ,atergo
415 2837 500 2897 villae
508 2840 669 2917 ,acepite
686 2837 791 2898 silvae:
812 2846 853 2897 tot
868 2837 957 2897 facies
972 2835 1104 2896 locorum

99 2920 219 2981 totidem
234 2919 368 2981 fenestris
389 2930 419 2980 et
439 2920 585 2998 distinguit
600 2931 629 2981 et
644 2923 755 2982 miscet.
785 2921 912 2981 functum
926 2929 971 2981 est
986 2919 1102 2980 eubicu·
1111 2923 1149 2976 22

98 3003 157 3064 lum
169 3005 265 3064 noctis
283 3015 312 3066 et
329 3005 430 3066 somni.
449 3003 513 3089 llon
534 3004 604 3065 illud
624 3022 714 3065 voces
730 3005 926 3082 servolorum,
948 3021 1005 3065 nou
1019 3004 1103 3064 maris

98 3105 239 3165 murmur,
260 3105 318 3149 non
332 3077 532 3187 tempestatum
547 3098 659 3166 motus,
677 3105 734 3150 non
749 3088 891 3168 fulgurum
905 3088 1000 3148 lumen
1017 3106 1051 3147 oc
1065 3105 1103 3147 ne

99 3170 175 3232 diem
188 3167 302 3250 quidem
321 3175 423 3250 sentit,
445 3173 498 3232 nisi
514 3172 649 3233 fenestris
663 3174 780 3252 apertis.
813 3171 880 3233 Tam
899 3170 1105 3249 altiabditique

61 3257 208 3318 lesecreti
229 3253 279 3317 illa
300 3257 391 3333 ratio,
413 3255 490 3334 quod
508 3257 680 3317 interiacens
698 3255 804 3317 andron
819 3257 956 3335 parietem
978 3253 1104 3316 cubiculi

98 3338 233 3418 hortique
244 3338 390 3418 distinguit
404 3349 488 3419 atque
499 3341 537 3415 ita
548 3358 659 3401 omnem
672 3358 772 3400 sonum
782 3340 873 3400 media
885 3341 1017 3401 inanitate
1033 3355 1103 3398 con·

99 3424 195 3485 sumit.
215 3420 390 3502 Adplicitum
400 3433 445 3484 est
457 3423 590 3485 cubiculo
601 3425 800 3502 hypocauston
811 3424 1010 3502 perexiguum,
1025 3421 1149 3500 prodas

99 3514 221 3586 angusta
233 3507 359 3568 fenestra
370 3509 549 3588 suppositum
561 3506 697 3587 calorem,
712 3517 743 3569 ut
753 3507 825 3568 ratio
838 3507 938 3585 exigit,
954 3515 1002 3566 aut
1013 3505 1092 3564 elfun
