2604 3972
269 219 621 285 nrrsromnurrc.-
629 231 670 285 ιι
690 223 725 300 [5.
734 233 808 288 -c
823 235 868 287 ιι.
876 228 979 304 -ιιι
1064 225 1127 290 eoa

119 374 280 451 nacissIma,
296 391 402 452 preces
416 381 527 434 nostras
543 371 701 434 inhaerere
733 373 805 449 Quia
825 380 949 437 tamen
940 397 968 438 ιιι
983 377 1040 438 hoo
1056 396 1126 456 qno-

121 477 178 538 que
193 456 352 535 indulsisti,
369 453 508 518 admoneo
523 456 606 518 simul
621 459 674 518 et'
664 476 785 537 rnpense
806 477 881 538 rogo
899 469 931 520 nt
950 462 1057 523 Attium
1073 462 1126 522 Su·

119 560 180 604 ram
194 551 326 622 praelura
340 559 478 602 exornare
494 541 637 619 digneris,
659 559 723 601 oum
743 542 825 605 locus
845 553 940 605 vacet.
972 544 1018 606 Ad
1043 564 1126 626 quarn

121 644 204 707 spem
223 625 329 703 alioqui
350 626 555 704 quietissimum
577 625 705 685 hortatur
733 635 762 687 et
786 627 918 689 natalium
940 628 1077 709 splendor
1097 640 1127 691 et

94 717 229 774 asumma
244 711 391 787 integritas
405 709 434 768 in
450 719 620 790 paupertate
636 718 666 769 et
684 719 749 771 ante
766 713 857 773 omnia
871 712 999 774 felicitas
1013 722 1126 793 tempo·

120 811 200 872 rum,
221 809 294 873 qnae
311 793 414 854 honam
430 794 632 855 conscientiam
647 795 750 854 civium
764 805 875 857 tuorum
890 797 926 858 ad
939 815 1021 858 usum
1035 797 1126 858 indul·

120 881 235 958 gentiae
250 887 316 938 tuae
329 885 468 957 provocat
479 887 509 939 et
524 877 635 938 attollit.

523 1011 603 1072 xrn.
622 1011 722 1090 [vnn]

82 1142 114 1194 10
347 1109 374 1160 G.
393 1107 518 1161 PLINIUS
533 1109 677 1160 TRAIANO
695 1110 905 1162 IMPERATORI.

185 1209 257 1272 Cum
278 1211 380 1289 sciam,
404 1211 533 1290 domine,
555 1213 590 1274 ad
611 1214 805 1273 testimonium
825 1213 996 1294 laudemque
1017 1233 1126 1276 morum

119 1313 248 1357 meorum
266 1299 411 1376 pertinere
435 1306 490 1357 tam
509 1298 577 1357 boni
598 1297 737 1376 principis
757 1297 864 1358 indicio
885 1299 1033 1376 exornari,
1054 1317 1127 1378 rogo
1185 1321 1188 1329 ’

121 1381 248 1458 dignitati
271 1379 306 1440 ad
328 1397 411 1460 ιιιιιιι
431 1399 478 1441 me
499 1382 631 1460 provexit
644 1379 820 1459 indulgentia
836 1389 883 1442 tua
896 1381 944 1442 rel
962 1393 1128 1482 auguratum

119 1465 169 1525 rel
184 1466 434 1546 septemviram,
451 1467 516 1544 quia
533 1473 652 1542 vacant,
669 1465 783 1525 adicere
799 1464 942 1544 digneris,
958 1476 988 1527 nt
1005 1467 1067 1528 iure
1083 1485 1126 1530 aa·

79 1547 242 1620 lacerdotii
262 1551 374 1630 precari
391 1549 461 1610 deos
475 1566 529 1628 pro
545 1557 574 1610 te
594 1510 711 1629 polilice
726 1550 851 1661 possin,
874 1565 947 1630 qnos
965 1569 1040 1614 nnnc
1061 1569 1127 1632 pre·

122 1650 175 1694 cor
188 1635 296 1712 pietate
312 1636 430 1713 privata

510 1732 603 1794 xrnr.
626 1733 741 1814 [vnn]
922 1711 1000 1876 Θ

342 1833 369 1883 C.
386 1832 510 1885 PLINIUS
526 1833 674 1885 TRAIANO
693 1831 902 1886 IMPERATORI.

184 1933 330 1997 Victoriae
350 1946 435 2014 tuae,
455 1937 560 2015 optime
580 1937 751 2016 Imperator,
768 1937 904 1998 maximae
919 1936 1127 2016 pulcherrimae

79 2021 335 2102 acantiquissimae
350 2029 380 2080 et
398 2029 449 2080 tuo
470 2021 584 2080 nomine
600 2029 630 2080 et
643 2022 687 2079 rei
706 2019 839 2099 publicae
854 2020 982 2098 gratulor
997 2019 1127 2098 deosque

120 2103 283 2165 inmortales
305 2121 412 2184 precor
427 2111 458 2163 ut
478 2119 577 2164 omnes
599 2105 789 2181 cogitationes
809 2113 871 2164 tuas
890 2113 946 2164 tam
966 2103 1059 2166 laetus
1081 2122 1128 2166 se·

121 2199 223 2269 quatur
240 2197 377 2267 eventus,
399 2196 430 2248 ut
449 2186 603 2248 virtutibus
622 2189 707 2248 tantis
722 2186 815 2265 gloria
836 2189 947 2267 imperii
963 2198 993 2250 et
1007 2198 1129 2249 novetur

121 2283 151 2335 et
165 2281 311 2352 augeatur.

519 2353 580 2415 ru
603 2351 730 2432 [xxup

79 2455 112 2508 25
343 2452 370 2504 O.
390 2450 516 2503 PLINIUS
532 2452 676 2504 TRAIANO
698 2453 905 2508 IMPERATORI

186 2556 260 2631 Quia
283 2555 413 2634 conlido,
435 2554 563 2632 domine,
586 2553 621 2615 ad
642 2573 736 2654 curarp
752 2564 829 2658 tparo
844 2558 1006 2658 pertinere,
1028 2556 1126 2616 nuntio

119 2641 172 2703 tibi
183 2659 229 2700 me
239 2639 387 2719 Ephesum
402 2657 466 2700 cum
483 2601 611 2699 omnibus
626 2639 698 2698 meis
713 2629 800 2720 ὑπερ
812 2635 954 2701 Μαλέαν
965 2639 1125 2737 navigasse.

122 2725 257 2800 Quamvis
275 2724 422 2785 contrariis
436 2725 529 2784 ventis
540 2731 681 2821 retentus,
697 2740 772 2782 nunc
786 2721 899 2784 destino
914 2723 1013 2802 partim
1027 2721 1126 2782 orariis

121 2810 240 2870 naribus
257 2809 358 2889 partim
369 2806 512 2868 vehiculis
530 2806 704 2886 provinciam
718 2816 830 2885 petere.
857 2806 929 2868 Nam
943 2807 1017 2866 sicut
1032 2805 1127 2865 itineri

79 2905 228 2973 adgraves
243 2902 340 2954 aestus
353 2894 391 2952 ita
407 2893 557 2958 continuae
572 2890 743 2968 navigationi
757 2891 865 2952 etesiae
877 2890 1058 2953 reluctantur.

503 3023 579 3087 xvi.
605 3023 746 3104 [ιιιιιιι

460 3123 623 3175 TRAIANUS
638 3122 744 3185 PLINIO
763 3123 790 3177 S.

183 3226 276 3288 Necte
291 3225 467 3302 renuntiasti,
483 3226 521 3285 mi
536 3223 670 3286 Secunde
686 3225 841 3286 carissime.
863 3222 989 3283 Pertinet
1005 3222 1079 3282 enim
1093 3221 1129 3283 ad

79 3323 114 3378 35
121 3313 243 3374 animum
254 3327 347 3372 meum
362 3309 439 3389 quali
457 3311 558 3371 itinere
577 3311 609 3370 c'c
625 3310 799 3388 provinciam
814 3309 975 3390 pervenias.
1003 3304 1127 3368 Pruden-

122 3405 168 3458 ter
182 3406 276 3458 autem
289 3395 439 3456 constituis
451 3395 563 3455 interim
574 3396 693 3456 naribus
705 3395 815 3454 interim
826 3391 967 3455 vehiculis
979 3392 1030 3470 uti,
1045 3399 1131 3470 prout

122 3479 189 3542 loca
204 3481 354 3544 suaserint.
