2580 3978
274 313 275 316 q
360 235 623 298 nrrsnumuuu
637 237 673 298 u.
689 249 733 301 20.
755 237 805 299 111.
822 251 847 303 1.
1066 238 1107 303 se

120 397 259 467 coeperat,
275 387 403 449 medicos
417 388 540 469 hortari,
563 407 667 468 regare
682 407 798 469 quoquo
813 389 897 451 mode
913 392 1042 470 spiritum
1056 391 1107 451 ho·

117 473 173 530 mini
186 481 378 551 prorogarent.
409 471 562 552 Postquam
577 477 716 552 signatum
729 483 775 536 est
788 483 1004 553 testamentum,
1020 483 1133 538 mutati

116 572 271 634 personam,
293 557 379 617 vertit
392 556 621 634 adlocutionem,
644 556 793 638 isdemque
805 557 924 618 medicis
943 562 1103 637 ‘quousque

115 640 235 700 miserum
259 637 411 701 cruciatis?
430 641 498 719 quid
514 640 646 703 invidetis
667 642 742 702 buna
762 651 853 702 morte
870 643 916 702 cui
937 641 1003 702 darc
1023 643 1108 702 uitam

94 721 164 782 incn
178 720 338 802 potestisi'
363 722 483 785 Moritur
501 724 639 802 Blaesus,
665 735 694 786 et
707 735 848 804 tamquam
863 726 956 786 omnia
968 725 1107 803 audisset,

114 805 217 884 llegulo
232 827 269 868 ne
284 807 420 868 tantulum
434 808 555 887 quidem.
579 808 728 870 Sufficiunt
745 809 818 870 duae
833 807 958 888 fabulae,
974 827 1009 868 an
1024 809 1135 874 echo-9

114 889 204 951 lastiea
218 891 286 968 lege
302 893 413 952 tertiam
428 889 549 971 poscis?
570 902 617 954 est
631 892 705 954 unde
724 894 779 954 liat.
802 891 937 970 Aurelia,
954 893 1152 958 mutale-10

114 975 193 1052 mina,
214 977 357 1052 signatura
372 984 570 1037 testamentum
592 986 752 1056 sumpserat
767 976 973 1056 pulcherrimas
988 977 1107 1038 tunicas.

114 1056 233 1136 Regulus
250 1076 314 1118 cum
332 1061 460 1121 venisset
480 1059 514 1120 ad
529 1060 712 1137 signandum,
735 1065 831 1138 ‘rogo’
847 1060 945 1139 inquid
965 1061 1028 1122 ‘has
1044 1061 1112 1120 nihi

81 1139 212 1219 tolegcs’.
231 1142 349 1204 Aurelia
360 1142 460 1204 ludere
471 1142 613 1204 hominem
623 1145 750 1224 putabat,
768 1143 818 1206 ille
831 1146 908 1206 serie
922 1145 1058 1206 instabat:
1074 1161 1110 1204 ue
1120 1150 1159 1225 11,

112 1225 207 1305 multu,
230 1229 329 1305 coegit
350 1226 498 1288 mulierem
517 1230 629 1306 aperire
649 1227 759 1289 tabulas
781 1246 816 1288 ac
836 1228 890 1288 sibi
909 1230 1020 1289 tunicas
1042 1245 1111 1306 quas

113 1320 166 1370 erat
180 1309 403 1388 indutalegare:
418 1311 582 1372 observavit
593 1313 777 1389 scribentem,
793 1313 919 1390 inspexit
932 1329 967 1370 an
979 1313 1111 1390 scripsis-

112 1404 160 1455 set.
187 1394 225 1456 Et
240 1394 358 1454 Aurelia
371 1394 485 1473 quidem
499 1397 587 1472 vivit,
613 1395 663 1456 ille
678 1405 772 1456 tamen
785 1394 862 1457 istud
876 1403 1017 1473 tamquam
1028 1396 1112 1454 mori-

112 1487 192 1538 turam
209 1481 319 1557 coegit.
347 1477 385 1539 Et
397 1477 445 1538 hie
457 1478 648 1557 hereditates,
670 1480 717 1540 lric
733 1478 844 1558 legata,
863 1481 943 1557 quasi
958 1488 1111 1556 mereatur,

79 1565 217 1643 ttaccipit.
239 1553 340 1624 'Ali-ul
356 1561 391 1622 τί
404 1560 608 1642 ὃιατείνομαι
622 1566 651 1624 ἰιι
664 1582 700 1624 ea
718 1565 850 1641 civitate,
870 1565 899 1622 in
914 1581 969 1643 qua
983 1565 1038 1623 iam
1054 1565 1155 1641 pri-12

111 1647 239 1709 lemnon
256 1648 362 1707 minora
377 1648 511 1726 praemia,
526 1649 610 1707 immo
623 1649 746 1725 maiora,
760 1649 887 1727 nequitia
902 1656 931 1708 et
946 1646 1111 1726 improbitas

111 1749 186 1810 quam
196 1732 292 1812 pudor
303 1741 333 1792 et
346 1732 435 1792 virtus
446 1727 571 1793 habent?
582 1732 691 1812 Aspice
705 1730 859 1810 Regulum,
872 1733 919 1810 qui
932 1750 970 1792 ex
982 1735 1155 1809 pauperc13
1222 1777 1228 1788 ,

111 1825 137 1876 et
147 1819 222 1877 tenui
241 1815 278 1877 ad
293 1823 384 1876 tantas
400 1832 472 1895 opes
487 1832 541 1893 per
553 1815 659 1893 llagitia
671 1818 816 1894 processit
829 1824 860 1875 ut
873 1817 937 1894 ipse
952 1815 1018 1874 mihi
1033 1814 1112 1874 dixe-

112 1901 154 1978 rit,
170 1919 233 1961 cum
249 1898 416 1960 consuleret
432 1916 514 1978 quam
530 1900 587 1962 citu
599 1901 763 1961 sestertium
777 1900 939 1960 sescenties
955 1897 1113 1977 inpleturus

77 1987 196 2063 acesser,
212 1985 360 2044 invenisse
372 2000 405 2044 se
418 1991 483 2043 exta
498 1981 632 2061 duplicia,
646 1983 753 2063 quibus
763 1982 896 2061 portendi
910 1983 1002 2041 milies
1019 1991 1048 2042 et
1063 1981 1113 2040 du·

113 2070 216 2129 centies
229 2069 399 2129 habiturum.
421 2065 459 2127 Et
470 2065 596 2145 habebit,
612 2069 637 2128 si
650 2065 746 2142 modo,
761 2075 792 2126 ut
805 2067 912 2144 coepit,
924 2062 1112 2125 alienatesta-
1123 2067 1157 2118 14

110 2162 208 2231 menta,
221 2150 302 2232 qued
317 2159 362 2212 est
377 2149 606 2230 improbissimum
623 2167 715 2230 genus
731 2148 808 2228 falsi,
825 2151 896 2229 ipsis
914 2163 950 2228 qu
957 2164 1033 2208 trum
1048 2157 1114 2210 sant

110 2234 154 2297 illa
167 2237 327 2299 dictaverit
360 2234 441 2296 Vale,

77 2402 104 2455 „
505 2416 718 2423 „—

326 2586 364 2668 c.
394 2582 507 2664 runnu
537 2581 698 2718 ensem
728 2579 904 2662 sucrum

76 2824 105 2880 n
224 2745 1000 2868 dllllUllllUll

438 2931 441 2940 ¹
474 2941 572 2997 LIBER
595 2941 751 2996 TERTIUS.

600 3102 622 3162 l.

74 3234 102 3290 35
384 3204 410 3255 O.
430 3203 555 3254 PLINIUS
575 3200 725 3252 CALVISIO
742 3199 802 3252 SUO
819 3199 846 3249 S.

169 3307 283 3368 Nescio
298 3283 337 3367 an⁴
348 3306 435 3366 ullum
449 3305 597 3378 iucundius
612 3315 725 3383 tempus
740 3301 887 3380 exegerim
903 3316 984 3379 quam
999 3311 1141 3376 quoru-1

109 3410 160 3468 per
180 3391 262 3470 apud
279 3392 445 3470 Spurinnam
465 3390 521 3468 lui,
543 3389 616 3451 adeo
637 3388 750 3467 quidem
769 3396 800 3445 ut
818 3385 960 3445 neminem
979 3383 1069 3458 magis
1089 3382 1117 3438 in

109 3484 276 3554 senectute,
291 3477 315 3536 si
330 3475 414 3536 modo
429 3492 585 3536 senescere
601 3472 695 3532 datum
709 3480 771 3550 est,
787 3466 920 3530 aemulari
933 3462 1033 3526 uelim:
1048 3461 1117 3521 nihil
