2580 3970
361 263 628 351 PANbsYfflcbs
646 299 690 353 99.
703 299 746 354 99.
759 299 803 354 99
815 300 860 354 99.
1053 291 1114 357 997

104 453 156 505 999
171 442 275 503 1911919
292 439 428 503 99999199
443 441 531 519 lacti,
556 451 604 502 tua
615 458 689 502 9999
705 443 856 504 9999991991
869 460 979 524 sumus,
994 446 1116 506 991199

105 525 263 587 honoribus
286 526 393 586 nostris
416 524 588 603 euumgasor
611 527 640 584 19
660 526 755 605 curia,
781 526 810 585 19
833 544 933 606 campo
955 526 1117 591 declarator

105 610 259 672 existeres.
278 607 350 668 Nam
362 607 440 687 quod
453 609 481 670 ei
493 627 549 670 9999
564 611 744 687 9991991999
756 612 848 671 99991
864 612 1017 673 attribuisti
1029 632 1115 692 quern

104 703 170 755 tuus
185 691 287 755 9999119
303 701 434 770 exornat,
446 709 530 771 quam
538 692 690 770 pulchrum
700 693 798 755 uobis!
814 695 918 773 quibus
932 695 1039 774 911999,
1054 699 1116 776 qui·

76 778 159 842 51999
178 775 347 856 9999999919
370 775 522 837 celebrare
543 777 691 854 continget
704 777 780 838 diem
795 776 875 836 illum
891 779 997 858 triplici
1011 781 1115 858 gaudio

104 861 221 938 laetum,
237 860 285 938 qui
300 860 461 940 principem
476 859 592 921 abstulit
608 862 781 940 pessimum,
799 860 877 922 dedit
892 863 1040 941 optimum,
1055 883 1115 924 99·

103 944 206 1005 119999
222 944 329 1023 999199
348 943 459 1020 genuit.
476 940 537 1004 Nos
553 944 606 1004 sub
620 942 713 1004 oculis
725 944 781 1005 tuis
793 947 942 1026 augustior
953 943 1040 1009 solito
1054 965 1116 1007 our·

102 1047 152 1090 999
173 1028 315 1105 accipiet,
340 1043 394 1088 nos
408 1027 486 1087 19999
500 1027 626 1088 9999919
647 1029 739 1088 99199
757 1036 786 1088 99
806 1037 874 1090 vota
892 1033 1028 1091 certantia
1042 1049 1116 1109 quae

104 1113 249 1193 praesenti
271 1112 323 1171 tibi
343 1109 530 1171 conferentur
548 1111 687 1172 vehamur
704 1110 816 1173 alacres
837 1123 866 1174 99
885 1115 987 1174 incerti
1003 1131 1040 1175 ex
1055 1124 1117 1175 utra

58 1209 94 1261 ιο
104 1205 185 1276 parte
205 1194 296 1255 maior
314 1194 431 1255 auribus
449 1196 556 1255 nostris
577 1195 686 1256 accidat
702 1194 817 1255 clamor.
852 1197 948 1276 Super
965 1199 1057 1258 99919
1074 1208 1114 1259 ta·
1125 1199 1166 1262 93

103 1297 168 1340 999
183 1277 404 1358 praedicandum
414 1277 528 1338 videtur
543 1279 620 1358 qnod
635 1280 742 1358 pateris
757 1279 893 1342 consules
905 1299 974 1342 esse
989 1282 1116 1360 9999919-

103 1363 183 1425 cisti:
201 1361 310 1443 quippe
325 1362 622 1441 991199999199199,
637 1360 732 1422 nullus
750 1380 789 1423 ex
803 1365 933 1444 principe
944 1372 1037 1425 99999
1047 1382 1115 1426 cou-

103 1447 215 1507 sulares
230 1447 338 1507 991999
354 1443 483 1508 debilitat
499 1453 530 1505 et
543 1446 666 1524 trangit,
679 1444 749 1505 911911
763 1448 858 1508 1991919
873 1447 1058 1527 audiendum,
1073 1450 1114 1509 91-

102 1531 142 1591 1911
159 1532 269 1590 coactis
286 1529 499 1591 decernendum
514 1532 579 1593 erit.
603 1529 700 1591 119999
711 1530 895 1610 manebitque
909 1532 1011 1592 honori
1026 1550 1115 1593 vene·

57 1628 92 1680 15
102 1616 176 1675 ratio
198 1631 267 1692 999,
295 1631 351 1674 999
370 1615 555 1675 securitatem
572 1615 741 1676 auctoritate
754 1615 920 1692 perdemus.
948 1616 1116 1695 19919911

103 1698 178 1759 forte
194 1715 233 1758 ex
248 1696 414 1759 consulatus
430 1696 548 1775 lastigie
563 1699 652 1759 luerit
666 1697 847 1777 diminutum,
862 1709 960 1762 nostra
974 1700 1046 1760 haec
1061 1703 1116 1761 erit

104 1781 206 1861 culpa,
227 1800 284 1843 999
298 1781 419 1843 saeculi.
446 1781 633 1861 119999919,
654 1790 788 1862 qnantum
802 1782 837 1845 ad
851 1786 1027 1863 prinoipem,
1045 1781 1116 1844 11999

103 1865 176 1927 99199
193 1865 330 1927 99999199
345 1883 434 1944 agere
450 1862 551 1944 quales
564 1876 630 1928 ante
647 1868 793 1945 principes
808 1877 898 1928 99999.
918 1866 1048 1928 Ullamne
1063 1867 1115 1927 tibi

103 1966 156 2029 pro
178 1948 327 2011 beneficiis
350 1948 463 2010 reterre
484 1953 602 2026 gratiam
623 1966 722 2027 parem
744 1946 919 2027 possumus?
940 1950 994 2010 9191
1008 1957 1115 2011 tautum

55 2033 180 2098 9011199
194 2043 225 2094 99
240 2052 356 2113 semper
376 2049 431 2094 nos
445 2034 656 2095 meminerimus
673 2031 809 2094 99999199
825 2032 916 2094 191999
931 2043 961 2094 99
978 2032 1114 2094 99999199

102 2128 186 2194 9999,
211 2134 246 2178 99
269 2119 443 2194 sentiamus,
471 2132 506 2177 ea
529 2134 696 2180 censeamus
720 2133 794 2196 quae
816 2116 1114 2195 consularibus-digua

104 2210 187 2277 suut,
208 2203 247 2262 199
261 2219 411 2263 versemur
426 2202 456 2262 19
469 2219 501 2260 99
517 2201 633 2282 99191199
646 2211 677 2262 99
692 2201 842 2262 credamus
859 2219 927 2262 esse
942 2218 1004 2262 rem
1020 2200 1115 2279 publi·

105 2303 184 2363 cam,
205 2301 263 2346 uon
280 2285 432 2346 consilium
447 2291 593 2364 nostrum,
616 2303 674 2345 999
690 2300 807 2363 operam
821 2283 1038 2362 subtrahamus,
1059 2301 1114 2344 nec

103 2370 253 2430 deiunctae
274 2387 328 2430 nos
349 2378 378 2431 99
393 2370 473 2448 quasi
495 2366 627 2431 dimissos
649 2366 819 2445 consulatu,
840 2367 893 2429 sed
915 2370 995 2447 quasi
1014 2366 1115 2429 adstri-

55 2465 94 2520 25
105 2461 169 2514 ctos
184 2453 373 2516 99199199999
385 2463 539 2534 putemus,
555 2452 734 2531 eundemque
749 2451 846 2511 19999
859 2451 966 2512 19199919
983 2461 1012 2514 99
1030 2469 1114 2512 99999

104 2553 189 2615 quem
200 2539 380 2600 reverentiae
397 2537 600 2616 dignitatisque
615 2545 774 2597 teneamus.

166 2617 199 2678 19
222 2622 277 2682 bne
298 2622 432 2683 orationis
452 2621 602 2699 praesides
619 2618 816 2697 custodesque
833 2619 945 2696 imperii
962 2617 1034 2680 1999
1055 2637 1112 2697 ego
1123 2618 1166 2682 94

103 2702 205 2764 consul
220 2721 272 2784 pro
287 2707 374 2767 rebus
391 2705 538 2781 humanis,
559 2723 594 2765 ac
608 2712 638 2763 te
652 2704 827 2781 praecipue,
841 2699 1003 2780 Capitoline
1018 2700 1115 2782 luppi-

103 2797 164 2865 ter,
180 2805 286 2867 precor
299 2797 331 2848 ut
345 2788 495 2850 beneficiis
509 2791 565 2848 tuis
582 2788 679 2848 199999
695 2788 838 2864 tantisque
849 2786 1014 2847 muneribus
1029 2785 1115 2847 91199

57 2882 94 2937 30
104 2873 335 2952 perpetuitatem.
356 2872 469 2934 Audisti
482 2890 557 2952 quae
572 2870 646 2932 malo
661 2871 784 2949 principi
796 2869 994 2948 precabamur,
1012 2869 1115 2930 exaudi

104 2973 178 3035 quae
193 2973 247 3035 pro
259 2955 448 3018 dissimillimo
461 2966 603 3036 optamus.
623 2953 688 3015 Non
700 2964 729 3015 99
744 2954 937 3030 distringimus
948 2954 1035 3013 votis.
1050 2951 1115 3014 Nou

103 3041 178 3099 enim
194 3057 312 3118 pacem,
328 3056 385 3099 nou
401 3041 596 3118 concordiam,
613 3056 670 3100 uon
681 3039 877 3114 securitatem,
893 3054 949 3097 nou
964 3052 1037 3117 opes
1053 3055 1115 3098 ora·

101 3139 183 3201 999,
197 3141 254 3184 999
265 3124 408 3186 honores:
423 3123 548 3204 simplex
558 3131 717 3202 cunctaque
733 3122 788 3183 ista
803 3120 977 3199 9999199999
991 3122 1116 3180 999199

102 3215 202 3266 99999
214 3217 278 3286 999,
296 3206 374 3269 salus
388 3207 538 3288 principis.
556 3205 620 3268 Nec
635 3224 705 3267 vero
717 3223 791 3265 nova
806 3205 858 3265 91191
869 3205 1049 3281 iniungimus.
1073 3201 1116 3264 'l'u

58 3301 95 3356 39
106 3292 181 3352 9919
200 3292 255 3352 199
269 3300 336 3352 tuuc
349 3289 472 3351 illumin
491 3290 608 3352 tutelam
622 3290 778 3369 recepisti,
805 3306 869 3348 cum
883 3287 1037 3367 praedonis
1057 3289 1116 3348 asi·

106 3375 214 3436 1199191
229 3375 360 3436 faucibus
378 3375 516 3453 eripuisti.
547 3372 650 3453 Neque
670 3374 745 3434 enim
760 3374 822 3433 sine
837 3372 943 3432 auxilio
958 3379 1024 3450 tuo,
1053 3389 1116 3432 999

105 3458 242 3520 altissima
258 3476 390 3538 quaeque
406 3467 604 3536 quaterentur,
619 3457 667 3517 hio
679 3458 727 3536 qui
741 3456 871 3516 omnibus
883 3454 1028 3516 excelsior
1043 3464 1115 3534 erat,

106 3543 297 3606 inconcussus
314 3544 404 3605 stetit.
424 3540 597 3602 Praeteritae
613 3550 658 3602 cst
670 3541 820 3621 apessimo
831 3540 962 3618 principe
975 3540 1022 3618 qui
1034 3556 1115 3620 prae·
