2604 3972
202 244 264 308 146
627 245 661 306 G.
682 245 779 306 PLlNl

173 397 315 470 4eissime
331 407 433 459 tamen.
451 398 494 459 lta
506 398 634 477 adsuevi,
649 407 679 458 et
694 415 769 457 nune
787 406 884 457 eustos
897 394 988 456 adest.
1010 391 1156 472 Gallinam,
1173 403 1204 455 ut

129 512 136 520 ·
202 489 262 541 ate
278 482 402 560 missam,
417 482 540 542 libenter
551 485 667 562 aeeepi;
683 497 766 558 quarn
782 482 850 541 satis
865 479 978 541 aeribus
989 477 1092 555 oeulis,
1109 496 1203 558 quam·

202 582 284 644 quun
298 564 390 624 adhue
400 565 507 644 lippus,
524 566 736 643 pinguissimam
751 561 816 622 vidi,
848 561 929 622 Vale.

713 695 750 756 ll.

481 795 507 846 G.
524 787 647 847 PLINIUS
658 697 802 845 ²15}me
821 792 880 844 SUO
898 791 923 842 S.

174 922 192 974 1
260 895 353 958 Minus
379 898 525 956 miraberis
551 915 596 956 me
620 905 675 956 tam
697 898 834 957 instanter
854 896 964 973 petisse
984 902 1015 952 ut
1033 894 1061 953 in
1084 895 1203 952 amioum

201 997 295 1039 meum
311 979 459 1041 conferres
473 981 655 1057 tribunatum,
682 997 746 1039 eum
768 980 869 1039 scieris
892 979 955 1057 quis
976 975 1025 1036 ille
1042 975 1203 1055 qualisque.

200 1061 320 1124 Possum
335 1072 427 1123 antem
441 1065 495 1124 iam
510 1064 560 1124 tibi
573 1072 602 1124 et
613 1079 715 1122 nomen
730 1062 854 1122 indicare
873 1073 902 1122 et
917 1061 1084 1121 describere
1097 1061 1202 1138 ipsum,

176 1157 351 1228 ppostquam
373 1147 530 1225 polliceris.
564 1147 617 1208 Est
634 1143 783 1207 Cornelius
803 1143 987 1221 minicianus,
1011 1153 1203 1204 ornamentum
1212 1159 1244 1212 10

200 1232 326 1308 regionis
353 1248 434 1291 meae
457 1249 508 1292 seu
529 1230 663 1309 dignitate
687 1248 740 1290 seu
765 1230 899 1290 moribus.
936 1225 1025 1287 Natus
1051 1225 1203 1305 splendide

199 1314 323 1374 abundat
334 1315 523 1389 facultatibus,
537 1323 610 1374 amat
625 1312 717 1374 studia
731 1323 762 1372 ut
780 1312 875 1374 solent
891 1329 1045 1394 pauperes.
1059 1307 1146 1369 ‘Idem
1157 1329 1203 1370 re·

201 1399 344 1458 etissimus
364 1397 466 1474 iudex,
493 1397 665 1458 fortissimus
688 1396 859 1474 advocatus,
884 1397 989 1456 amicus
1011 1392 1203 1454 fidelissimus.

173 1477 361 1559 3Aeeepisse
374 1490 404 1539 te
418 1481 588 1540 benedeium
606 1479 725 1558 eredes,
753 1498 816 1540 eum
833 1481 951 1559 propius
972 1479 1136 1556 inspexeris
1152 1477 1204 1538 ho·

199 1564 319 1640 minem,
336 1564 465 1624 omnibus
480 1563 655 1641 honoribus,
671 1564 800 1624 omnibus
814 1562 903 1625 titulis
918 1561 1001 1642 (nihil
1016 1559 1083 1620 volo
1100 1560 1202 1622 elatius
1213 1567 1244 1621 15

200 1644 236 1706 de
250 1645 459 1720 modestissimo
474 1649 535 1706 viro
553 1647 664 1726 dieere)
680 1663 785 1724 parem.
814 1646 895 1707 Vale.

308 1831 309 1836 Ἰ
380 1875 407 1930 G.
427 1874 552 1928 PLINIUS
568 1778 901 1928 FABAfflliOSOOERO
921 1873 980 1926 SUO
1001 1874 1028 1928 S,

173 1994 190 2046 1
263 1974 379 2037 Gaudeo
393 1977 505 2056 quidem
520 1996 586 2039 esse
603 1986 632 2038 te
648 1988 703 2038 tam
719 1977 822 2038 fortem
836 1986 866 2037 ut
879 1975 1031 2036 Mediolani
1046 1989 1244 2041 oeeurrereto

199 2057 295 2120 Tironi
310 2062 422 2139 possis,
443 2059 495 2126 seu
515 2071 546 2121 ut
559 2080 733 2141 perseveres
750 2081 817 2124 esse
832 2071 889 2142 tarn
904 2060 998 2137 fortis,
1011 2076 1084 2137 rogo
1099 2078 1136 2119 ne
1151 2061 1203 2120 tibi

199 2154 297 2204 eontra
317 2147 454 2205 rationem
476 2147 576 2204 aetatis
599 2155 703 2206 tantum
724 2144 829 2207 laboris
852 2146 990 2221 iniungas.
1023 2142 1097 2216 Quin
1117 2145 1202 2202 immo
1292 2199 1293 2210 ,

199 2225 332 2288 denuntio
348 2238 378 2287 ut
400 2226 479 2287 illum
501 2237 531 2287 et
550 2228 624 2288 domi
644 2238 673 2288 et
693 2230 764 2289 intra
779 2228 891 2288 domum
911 2227 1003 2305 adque
1026 2228 1109 2287 etiarn
1130 2228 1202 2287 intra
1292 2293 1293 2300 χ

170 2309 322 2380 2eubieuti
344 2310 429 2370 limen
451 2321 617 2390 exspectes.
648 2309 760 2370 Etenim
778 2329 841 2372 eum
854 2330 871 2371 a
884 2329 929 2370 me
943 2320 974 2370 ut
993 2309 1081 2370 irater
1101 2309 1202 2388 diliga-

198 2399 255 2468 tur,
267 2408 324 2451 non
341 2393 427 2453 debet
442 2393 477 2452 ab
492 2410 529 2453 eo
544 2411 627 2472 quem
646 2412 702 2471 ego
716 2396 841 2472 parentis
856 2395 923 2455 loeo
942 2395 1065 2454 observo
1080 2395 1245 2470 exigeretis
1292 2407 1293 2416 ’

198 2473 322 2534 oilieium
338 2476 412 2554 quod
429 2477 538 2554 parenti
553 2493 605 2537 suo
618 2478 784 2538 remisisset.
816 2477 896 2538 Vale.

639 2608 758 2670 xxunr.
1009 2623 1056 2686 a

1292 2467 1293 2500 i

481 2709 791 2764 e.ruru1usennmo
813 2708 873 2760 suo
893 2709 920 2763 s.
1025 2678 1031 2712 '

1292 2929 1293 2968 i

1292 2987 1293 3020 i

174 2819 191 2870 1
261 2807 399 2867 Ummidia
411 2807 585 2880 Quadratilla
595 2808 680 2888 paulo
692 2811 781 2870 minus
798 2811 995 2887 octogensimo
1012 2810 1111 2869 aetatis
1127 2826 1246 2881 aun030

197 2889 335 2968 decessit,
351 2909 443 2969 usque
458 2891 493 2950 ad
505 2892 685 2953 novissimam
699 2892 880 2954 ualitudinem
889 2893 997 2969 uiridis,
1013 2891 1106 2971 adque
1115 2893 1201 2952 etiam

170 2972 269 3037 tultra
287 2973 471 3035 matronalem
489 2974 601 3034 modurn
624 2985 774 3054 eompaeto
794 2994 916 3054 corpore
937 2986 967 3038 et
981 2976 1109 3038 robusto.
1140 2975 1201 3036 De·

197 3057 286 3118 eessit
300 3055 500 3118 honestissimo
516 3066 701 3120 testamento:
715 3060 829 3139 reliquit
842 3060 978 3139 heredes,
996 3079 1034 3120 ex
1049 3060 1137 3120 hesse
1148 3078 1201 3119 ne·

197 3150 305 3218 potem,
323 3158 360 3199 ex
374 3140 455 3200 tertia
468 3151 549 3219 parte
563 3152 688 3222 neptem.
719 3143 842 3224 Neptem
855 3162 954 3222 pamm
966 3145 1043 3220 novi,
1060 3151 1200 3222 nepotem

196 3223 411 3284 familiarissime
431 3224 534 3305 diligo,
556 3226 769 3290 adulescentem
782 3227 955 3306 singularem
969 3246 1024 3288 nee
1040 3228 1075 3287 iis
1090 3235 1199 3287 tantum
1209 3237 1246 3290 35
1292 3279 1293 3290 ,

169 3315 272 3385 equos
289 3311 424 3386 sanguine
441 3312 551 3388 attingit
565 3311 639 3372 inter
649 3313 825 3397 prppinquos
836 3311 990 3371 amandum.
1016 3308 1059 3370 Ae
1076 3312 1200 3390 primurn
1292 3355 1293 3402 t

196 3394 368 3469 eonspieuus
384 3393 472 3454 iorma
492 3412 591 3454 omues
611 3412 758 3456 sermones
779 3395 963 3472 malignorum
981 3402 1010 3455 et
1025 3411 1097 3472 puer
1111 3402 1141 3454 et
1154 3395 1201 3454 iu·
1292 3427 1293 3452 t

192 3477 274 3558 uenis
293 3478 398 3537 evasit:
418 3480 488 3538 intra
511 3487 638 3557 quartum
655 3487 684 3538 et
703 3480 885 3540 uicensimum
902 3497 1003 3538 annum
1019 3479 1146 3556 maritus,
1167 3487 1201 3540 et
1292 3471 1293 3516 t
