2580 3978
361 298 624 362 EPISTULARUM
639 301 676 361 ll.
698 310 741 364 13.
758 313 799 365 14.
1038 303 1079 366 35

79 451 187 532 qualis,
211 470 293 531 quam
308 453 445 530 probatus
460 471 600 532 carusque
618 457 654 514 sit
669 455 769 532 nobis,
787 473 870 533 quem
884 472 957 534 rogo
971 474 1024 535 pro
1038 458 1080 516 in·

78 537 177 615 genio,
193 553 247 614 pro
263 535 374 596 fortuna
387 545 434 597 tna
449 553 585 598 exornes.
606 537 638 597 ln
654 539 751 616 primis
767 557 827 599 ama
844 540 1000 600 bominem:
1017 558 1081 600 nam

77 619 149 680 licet
170 619 278 680 tribuas
299 620 327 680 ei
344 629 477 698 qnantum
492 621 693 700 amplissimum
707 632 810 702 potes,
831 623 899 683 nihil
915 631 1008 683 tamen
1023 642 1080 683 ame

77 703 154 783 plius
170 713 256 783 potes
272 703 393 764 amicitia
406 713 468 773 tua;
484 705 564 766 ouius
580 723 648 766 esse
665 725 729 766 eum
745 725 837 785 usque
854 706 889 766 ad
902 707 1025 767 intimam
1039 707 1081 767 ia·

54 786 268 852 tmiliaritatem
283 804 418 866 capacem
442 789 498 866 q‘uo
515 789 605 866 magis
626 791 735 868 scires,
760 791 886 852 breviter
904 791 955 850 tibi
977 790 1079 868 studia,

76 889 186 948 mores,
202 888 314 931 omnem
328 870 452 949 denique
467 873 551 932 vitam
567 873 629 934 eius
646 875 788 952 expressi.
808 872 1001 934 Extenderem
1015 891 1080 954 pre·
1090 888 1118 938 lt

76 974 143 1034 ces,
158 957 213 1016 nisi
228 964 257 1014 et
268 964 298 1014 tu
311 957 407 1032 rogari
421 955 468 1015 diu
479 955 585 1033 nolles,
601 967 631 1018 et
644 975 700 1035 ego
714 967 773 1018 tota
787 957 843 1017 boc
858 956 981 1037 epistula
993 958 1080 1018 locis·
1152 1008 1155 1014 .

75 1055 155 1099 sem:
177 1047 261 1116 rogat
275 1039 365 1116 cuim,
389 1048 418 1098 et
432 1038 545 1117 quidem
559 1041 780 1120 efficacissime,
799 1042 846 1120 qui
867 1041 960 1101 reddit
981 1059 1081 1102 causas

74 1122 207 1200 rogandi.
233 1121 315 1181 Vale.

39 1224 67 1275 lo
356 1303 359 1308 Ι
493 1277 494 1284 ,
537 1255 628 1317 ΧΠΗ·

355 1353 382 1408 G.
403 1354 530 1406 PLINIUS
548 1354 680 1406 MAXIMO
697 1353 757 1406 SUO
775 1355 802 1406 S.

138 1454 247 1514 Verum
260 1455 397 1533 opinaris:
421 1457 583 1535 destringor
604 1455 853 1518 centumviralibus
876 1458 987 1535 causis,
1010 1469 1106 1537 quael

73 1559 122 1599 me
138 1548 277 1599 exercent
291 1540 380 1617 magis
398 1558 481 1618 quam
496 1539 651 1602 delectant.
672 1540 743 1601 Sunt
758 1542 831 1601 enim
846 1540 1003 1620 pleraeque
1018 1560 1082 1621 par·

38 1635 66 1686 15
74 1642 130 1684 vac
146 1632 177 1682 et
188 1620 285 1682 exilis:
308 1639 371 1683 raro
392 1624 489 1684 incidit
501 1624 549 1684 vel
565 1642 751 1703 personamm
770 1624 896 1686 claritate
910 1623 959 1684 vel
974 1627 1082 1704 negotii

74 1705 268 1784 magnitudine
286 1706 415 1784 insignis.
441 1707 487 1767 Ad
499 1707 557 1768 boc
574 1709 660 1787 pauci
678 1727 742 1768 cum
757 1708 859 1787 quibus
874 1710 952 1769 iuvet
967 1708 1107 1770 dicerem

75 1790 171 1852 ceteri
186 1788 309 1850 audaces
326 1800 411 1868 atque
432 1792 516 1851 etiam
535 1809 636 1869 magna
656 1810 694 1852 ex
714 1789 793 1870 parte
810 1791 1017 1855 adulescentuli
1032 1793 1083 1853 ob·

74 1876 155 1936 scuri
181 1872 217 1932 ad
238 1872 451 1934 declamandum
477 1873 532 1936 buc
553 1877 739 1951 transierunt,
766 1887 822 1936 tam
841 1878 1039 1937 inreverenter
1053 1888 1092 1938 et.

73 1969 188 2018 temere
209 1965 239 2016 ut
259 1956 325 2016 milri
340 1957 443 2022 Atilius
463 1968 562 2019 noster
576 1977 716 2038 expresse
732 1959 839 2020 dixisse
852 1959 981 2020 videatur
995 1963 1038 2022 sic
1054 1963 1082 2020 in

35 2043 140 2110 ooioro
155 2057 264 2119 pueros
282 2058 298 2100 a
315 2040 562 2104 centumviralibus
583 2043 675 2104 causis
692 2045 833 2121 auspicari
851 2053 881 2103 ιιι
902 2044 937 2104 ab
956 2042 1081 2104 Homero

73 2123 241 2186 inscbolis.
268 2121 338 2185 Nam
353 2124 400 2184 bic
422 2143 536 2204 quoque
557 2135 587 2186 ut
602 2125 662 2185 illic
676 2127 795 2205 primurn
810 2128 907 2205 coepit
923 2146 990 2188 esse
1006 2127 1082 2205 quod

72 2210 226 2270 maximum
241 2217 296 2269 est.
322 2209 362 2268 At
375 2207 500 2270 Hercule
517 2219 582 2269 ante
599 2210 762 2270 memoriam
775 2228 867 2270 meam
888 2211 942 2288 (ita
959 2210 1081 2272 maiores

73 2303 141 2354 natu
156 2292 254 2353 solent
269 2291 382 2370 dicere)
400 2311 436 2352 ne
457 2292 642 2354 nobilissimis
662 2293 775 2372 quidem
788 2293 1020 2356 adulescentibus
1038 2295 1081 2354 lo·

74 2397 127 2438 cus
148 2385 211 2436 erat
231 2377 285 2436 nisi
305 2375 399 2454 aliquo
419 2375 560 2438 consulari
581 2377 775 2455 producente:
799 2387 875 2439 tanta
896 2381 1081 2440 veneratione
1211 2443 1213 2448 ,

36 2470 64 2522 ιι
74 2459 298 2540 pulcherrimum
312 2477 385 2538 opus
403 2459 560 2522 colebatur.
581 2459 664 2521 Nunc
678 2461 809 2524 refractis
824 2462 941 2540 pudoris
953 2473 983 2524 et
997 2473 1105 2524 reve-4

73 2547 184 2605 rentiae
201 2542 333 2605 claustris
346 2545 437 2604 omnia
451 2554 549 2623 patent
565 2546 704 2624 omnibus,
722 2564 778 2606 nec
789 2546 958 2606 inducuntur
972 2547 1023 2607 sed
1040 2549 1082 2606 in-

73 2637 218 2708 mmpunt.
253 2627 415 2707 Sequuntur
428 2628 571 2690 auditores
588 2630 732 2691 actoribus
753 2630 880 2708 similes,
904 2630 1038 2692 conducti
1053 2641 1083 2690 et

73 2712 232 2791 redempti:
256 2729 391 2790 manceps
415 2714 596 2772 convenitur:
619 2714 648 2772 in
667 2714 759 2774 media
779 2713 897 2774 basilica
919 2723 975 2773 tam
989 2714 1083 2792 palam

73 2795 223 2875 sportulae
240 2813 321 2874 quam
339 2797 367 2855 in
385 2796 507 2856 triclinio
520 2796 637 2858 dautur:
657 2816 694 2858 ex
707 2797 812 2876 iudicio
828 2798 857 2858 in
873 2796 1007 2857 iudicium
1022 2798 1083 2876 pari

35 2892 66 2946 to
72 2880 210 2941 mercede
223 2881 363 2940 transitur.
395 2878 464 2941 lude
476 2882 530 2940 iam
540 2899 597 2941 non
608 2882 741 2942 inurbane
754 2883 930 2959 σοφοκλεις
942 2892 1106 2944 vocanturt

74 2955 230 3042 [ἀπὸτοῦ
242 2963 356 3041 σοφῶς
367 2959 422 3024 καὶ
433 2965 637 3043 καλεῖσθαι];
650 2965 740 3026 isdem
746 2964 872 3026 latinum
882 2983 986 3026 nomen
1001 2967 1082 3045 iupo-

74 3050 159 3109 sitnm
177 3057 224 3108 est
238 3047 390 3108 laodiceni.
410 3045 448 3108 Et
468 3059 561 3109 tamen
578 3051 684 3110 crescit
698 3051 727 3109 in
743 3049 805 3111 dies
819 3049 942 3111 foeditas
963 3057 1108 3129 utraquefi

72 3130 170 3210 lingua
185 3140 291 3192 notata.
312 3131 388 3192 llere
406 3132 462 3193 duo
477 3130 705 3194 nomenclatores
720 3135 775 3194 mei
792 3133 912 3213 (babent
924 3153 994 3195 sanc
1005 3145 1083 3194 aeta-

73 3224 130 3275 tem
153 3232 254 3275 eorum
282 3217 329 3295 qui
354 3234 446 3294 nuper
465 3226 548 3294 togas
573 3217 759 3296 sumpserint)
786 3219 875 3278 ternis
903 3216 1023 3279 denariis
1043 3219 1082 3280 ad

36 3303 65 3356 st
72 3297 242 3360 laudandum
257 3299 447 3360 trahebantur.
469 3299 548 3360 Tanti
564 3310 675 3362 constat
687 3312 717 3363 ut
731 3303 772 3363 sis
784 3301 997 3362 disertissimus.
1018 3298 1084 3360 Hoc

9 3399 13 3410 ·
73 3386 166 3461 pretio
198 3383 353 3462 quamlibet
374 3402 524 3446 numerosa
551 3383 687 3445 subsellia
711 3385 871 3465 inplentur,
899 3385 956 3446 boc
979 3387 1084 3462 ingens

75 3484 180 3530 corona
198 3466 354 3546 colligitur,
370 3467 427 3528 boc
441 3469 538 3530 infiniti
551 3467 690 3529 clamores
704 3477 928 3546 commoventur,
945 3487 1007 3528 cnm
1020 3479 1106 3536 met

73 3550 216 3612 socborus
231 3551 309 3613 dedit
323 3553 449 3629 signum:
468 3571 540 3632 opus
559 3561 604 3612 est
618 3553 691 3612 enim
707 3554 790 3632 signo
807 3552 881 3633 apud
898 3570 954 3611 non
970 3548 1082 3611 intelle-

898 3635 913 3671 ’lt
