2584 3972
185 283 227 348 86
610 281 644 344 G.
666 281 763 344 inliti

386 435 437 498 illc
455 435 601 514 oPlinlns‚
617 435 667 496 ille
684 443 753 515 quot
770 433 911 498 Catones!

390 522 498 598 inune,
514 521 643 600 quisquis
655 537 742 598 amus,
757 533 850 580 amare
865 518 932 580 noli.

159 603 272 677 5thes
287 619 370 683 qnam
383 614 466 666 acuta
481 606 581 681 omnia,
601 621 683 684 quum
697 613 773 683 apta,
790 615 872 684 quarn
886 617 1036 683 expressa.
1058 599 1103 662 Ad
1114 600 1194 663 bunc

185 698 300 768 gustum
310 691 403 748 'totum
417 688 520 750 librum
534 689 719 767 repromitto,
741 701 826 766 quern
842 687 904 764 tibi,
919 694 951 747 ut
964 686 1085 766 primum
1096 685 1193 765 publi·

186 773 304 850 caverit,
321 772 475 835 exhibebo.
497 770 612 833 Interim
626 787 687 832 ama
701 772 834 832 iuvenem
848 780 879 832 et
892 769 1070 850 temporibus
1084 771 1215 832 nostrlst
1278 847 1279 852 ἵ

184 854 327 935 gratulare
344 873 398 936 pro
419 855 623 935 ingeniendi,
645 855 722 936 qnod
741 854 792 916 ille
809 855 935 915 moribus
957 854 1082 916 adornat.
1113 852 1193 915 Vivit
1278 853 1279 870 ¹

186 957 250 1001 curu
265 939 414 1018 Spurinna,
429 941 499 1002 vivit
514 958 578 1001 cum
590 939 747 1018 Antonino,
763 955 883 1019 qnorum
897 938 980 1000 alteri
995 935 1105 1015 adeun,
1123 939 1194 998 utri·

152 1032 169 1087 6
186 1040 242 1105 que
261 1022 473 1086 contubernalis
488 1032 543 1085 cst.
564 1022 663 1086 Possis
678 1042 716 1085 cx
726 1022 783 1084 hoc
794 1023 892 1084 iacere
904 1022 1097 1084 coniecturam
1108 1039 1193 1102 gnam

184 1109 222 1169 sit
236 1107 402 1170 emendatus
417 1107 589 1169 adulescens
604 1110 651 1188 qni
666 1123 682 1170 u
695 1108 871 1186 gravissimis
885 1108 1003 1169 senibus
1017 1107 1061 1166 sic
1075 1114 1191 1166 ematur.

183 1189 237 1254 Est
251 1192 326 1252 enlm
339 1191 410 1253 illud
423 1192 602 1253 verissimum
1201 1201 1234 1256 lt

696 1266 873 1354 γινώσκων
889 1265 941 1336 ὅτι

183 1439 235 1503 val
337 1352 490 1432 τοιοῦτός
501 1353 603 1438 ἐστιν,
617 1346 730 1441 cigneo
742 1349 856 1440 ἥδεται
868 1353 995 1421 συνών.

237 1459 265 1503 e.

415 1673 443 1727 0.
463 1672 588 1726 PLINIUS
604 1567 836 1726 31¹⁸}va
856 1671 915 1726 sito
936 1671 964 1728 Β.

160 1789 176 1841 1
248 1773 407 1837 Herennius
422 1773 565 1854 Severus,
579 1774 836 1854 indoctissimus,
856 1777 951 1856 magni
961 1775 1091 1838 aestimat
1104 1777 1135 1836 in
1148 1775 1192 1838 bi·

185 1858 331 1921 bliotheea
352 1877 403 1922 sun
422 1876 531 1938 ponere
556 1860 695 1938 imagines
715 1861 888 1940 municipum
907 1869 1037 1939 tuorum,
1062 1857 1192 1922 cornelii

183 1941 307 2023 Nepotis
329 1953 359 2004 et
373 1941 428 2004 Titi
442 1941 516 2022 (tati,
531 1945 676 2023 petitque,
699 1945 723 2004 si
740 1952 806 2006 sunt
821 1944 903 2022 istic,
923 1953 954 2006 nt
968 1962 1037 2008 esse
1052 1943 1191 2007 credibile

158 2036 246 2105 best,
269 2027 474 2090 exscribendus
494 2027 710 2107 pingendasque
731 2027 875 2106 delegem.
912 2027 1001 2102 Quam
1023 2045 1119 2089 curum
1138 2029 1234 2093 tibine
1281 2099 1282 2116 χ

184 2114 361 2190 potissimum
375 2111 510 2192 iniungo,
527 2114 662 2192 primurn,
684 2111 749 2193 quia
764 2112 915 2174 desideriis
928 2113 1002 2174 mels
1016 2112 1191 2174 amicissime

184 2195 372 2276 obsequeris,
397 2194 518 2274 deiude,
545 2197 609 2275 quia
629 2195 684 2257 tibi
708 2196 864 2258 studiorum
884 2213 992 2260 summa
1015 2199 1190 2276 reverentia,

185 2295 310 2341 summus
324 2295 404 2340 amor
422 2278 624 2357 studiosomm,
641 2285 798 2360 postremo,
815 2279 893 2359 quod
908 2281 1026 2360 patrium
1039 2289 1116 2341 tuam
1130 2297 1191 2342 om·

158 2371 294 2441 enseque
309 2364 358 2440 qui
372 2377 475 2424 nomen
490 2364 554 2423 eins
569 2369 707 2424 auxerunt
720 2372 751 2424 nt
765 2366 883 2444 patriam
895 2365 988 2445 ipsam
997 2366 1145 2426 veneraris
1160 2373 1191 2425 st

184 2442 288 2523 diligis.
311 2444 381 2508 Peto
392 2455 486 2506 nutem
500 2455 530 2506 nt
541 2447 682 2525 pictorem
694 2461 776 2527 quam
788 2446 1034 2527 diligentissimum
1045 2447 1232 2516 adsumasto

182 2525 253 2588 Nam
268 2543 332 2590 cnm
342 2538 388 2590 est
398 2527 514 2590 arduum
525 2528 735 2592 similitudinem
747 2529 887 2611 elingere
902 2547 1037 2610 exsero,
1052 2541 1112 2593 tum
1126 2530 1190 2593 lon·

182 2629 221 2691 gs
236 2611 403 2676 nilminus
422 2623 467 2677 est
487 2615 649 2677 imitationis
663 2616 795 2686 inimum
817 2633 903 2696 aqua
915 2629 989 2695 rogo
1003 2624 1035 2676 nt
1049 2615 1190 2677 artidcsnr

182 2711 268 2778 quem
282 2695 409 2778 elegeris
422 2716 461 2761 ne
475 2701 503 2761 ln
517 2697 618 2762 melius
633 2698 747 2779 quidem
761 2701 837 2762 sinas
851 2702 995 2764 aberrare.
1025 2697 1108 2761 Vale.

610 2827 757 2896 xxvtill.

398 2931 426 2983 c.
445 2931 569 2986 ennius
586 2931 732 2986 nomano
750 2931 850 2985 rinno
869 2932 930 2986 suo
946 2931 973 2988 e.

156 3046 174 3100 1
244 3032 316 3095 Heia
330 3044 377 3112 tu,
404 3053 468 3096 cnm
481 3037 612 3114 proxime
626 3053 674 3098 res
686 3045 817 3116 agentur,
835 3053 952 3116 quoquo
965 3034 1053 3098 modo
1066 3033 1102 3096 sd
1117 3033 1190 3096 ludl-

182 3116 300 3180 cundum
315 3119 390 3180 veni.
410 3117 486 3179 Nihil
500 3129 546 3181 est
560 3119 637 3200 qnod
650 3121 678 3180 in
693 3120 820 3182 dextrum
832 3135 930 3182 eurem
940 3119 1043 3182 iducis
1055 3120 1112 3180 mei
1123 3118 1190 3180 dor·

159 3205 268 3265 nnius:
282 3219 339 3263 nnn
350 3203 455 3279 inpune
469 3213 607 3266 cessatur.
626 3202 718 3282 Ecce,
734 3203 857 3268 Licinius
869 3203 913 3266 Ne
935 3221 980 3282 os,
992 3212 1109 3284 pmetor
1119 3220 1191 3264 acer

183 3296 213 3347 et
228 3285 322 3364 tortis,
338 3283 452 3348 multam
466 3287 535 3349 dixit
550 3288 634 3350 etism
647 3291 781 3351 senatori.
813 3223 944 3368 diguitis
958 3290 987 3348 in
1004 3296 1104 3349 senatu
1119 3295 1231 3352 can-ee

183 3385 243 3430 sam
258 3387 347 3446 suun,
363 3372 424 3448 egit
439 3380 533 3433 autem
547 3373 590 3433 sic
604 3382 636 3433 ut
650 3371 863 3452 deprecaretur.
885 3367 1016 3433 Remissa
1031 3379 1076 3433 est
1087 3368 1187 3448 multu,

155 3449 233 3514 ised
246 3453 348 3530 timuit,
364 3454 418 3514 sed
432 3457 555 3534 rogarit,
574 3456 628 3517 sed
641 3473 715 3535 opus
725 3457 808 3518 venia
819 3455 883 3518 init.
903 3453 993 3516 Dices
1005 3460 1073 3515 ‘non
1084 3469 1188 3516 omnes

181 3544 331 3615 pmetores
346 3545 401 3600 tam
419 3541 537 3600 severi!
561 3538 691 3602 Falleris.
717 3538 788 3600 llam
804 3537 852 3600 vel
872 3539 1021 3602 instituere
1035 3534 1084 3598 vel
1101 3535 1189 3598 redu·

1196 2881 1232 2940 30
