<?xml version="1.0" encoding="UTF-8"?>
<!DOCTYPE html PUBLIC "-//W3C//DTD XHTML 1.0 Transitional//EN"
    "http://www.w3.org/TR/xhtml1/DTD/xhtml1-transitional.dtd">
<html xmlns="http://www.w3.org/1999/xhtml" xml:lang="en" lang="en">
 <head>
  <title>
</title>
<meta http-equiv="Content-Type" content="text/html;charset=utf-8" />
  <meta name='ocr-system' content='tesseract 3.04.00' />
  <meta name='ocr-capabilities' content='ocr_page ocr_carea ocr_par ocr_line ocrx_word'/>
</head>
<body>
  <div class='ocr_page' id='page_1' title='image "./cplinicaecilise05plingoog_0286.png"; bbox 0 0 2580 3970; ppageno 0'>
   <div class='ocr_carea' id='block_1_1' title="bbox 377 264 1125 334">
    <p class='ocr_par' dir='ltr' id='par_1_1' title="bbox 377 264 1125 334">
     <span class='ocr_line' id='line_1_1' title="bbox 377 264 1125 334; baseline 0.009 -8"><span class='ocrx_word' id='word_1_1' title='bbox 377 264 641 328; x_wconf 81' lang='lat' dir='ltr'><strong>PANEGYRIGUS</strong></span> <span class='ocrx_word' id='word_1_2' title='bbox 662 277 704 331; x_wconf 78' lang='lat' dir='ltr'>nt.</span> <span class='ocrx_word' id='word_1_3' title='bbox 719 277 761 332; x_wconf 79' lang='lat'>28·</span> <span class='ocrx_word' id='word_1_4' title='bbox 774 277 818 332; x_wconf 78' lang='lat'>29.</span> <span class='ocrx_word' id='word_1_5' title='bbox 831 278 873 332; x_wconf 81' lang='lat'>30.</span> <span class='ocrx_word' id='word_1_6' title='bbox 907 278 909 284; x_wconf 82' lang='grc'>’</span> <span class='ocrx_word' id='word_1_7' title='bbox 1062 269 1125 334; x_wconf 80' lang='grc'>255</span> 
     </span>
    </p>
   </div>
   <div class='ocr_carea' id='block_1_2' title="bbox 74 417 1173 3610">
    <p class='ocr_par' dir='ltr' id='par_1_2' title="bbox 74 417 1173 3610">
     <span class='ocr_line' id='line_1_2' title="bbox 122 417 1124 499; baseline 0.005 -19"><span class='ocrx_word' id='word_1_8' title='bbox 122 419 173 480; x_wconf 86' lang='lat' dir='ltr'>tibi</span> <span class='ocrx_word' id='word_1_9' title='bbox 189 417 321 479; x_wconf 86' lang='lat' dir='ltr'>conscius</span> <span class='ocrx_word' id='word_1_10' title='bbox 336 419 372 479; x_wconf 87' lang='lat' dir='ltr'>ab</span> <span class='ocrx_word' id='word_1_11' title='bbox 386 420 574 481; x_wconf 78' lang='lat' dir='ltr'>insectatione</span> <span class='ocrx_word' id='word_1_12' title='bbox 589 421 651 480; x_wconf 93' lang='lat' dir='ltr'>eius</span> <span class='ocrx_word' id='word_1_13' title='bbox 666 429 813 481; x_wconf 80' lang='lat' dir='ltr'>averteres</span> <span class='ocrx_word' id='word_1_14' title='bbox 827 420 943 499; x_wconf 85' lang='lat' dir='ltr'>lernam,</span> <span class='ocrx_word' id='word_1_15' title='bbox 958 440 1015 483; x_wconf 86' lang='lat' dir='ltr'>nec</span> <span class='ocrx_word' id='word_1_16' title='bbox 1031 433 1061 483; x_wconf 92' lang='lat' dir='ltr'>ut</span> <span class='ocrx_word' id='word_1_17' title='bbox 1076 426 1124 485; x_wconf 92' lang='lat' dir='ltr'>tri-</span> 
     </span>
     <span class='ocr_line' id='line_1_3' title="bbox 122 501 1122 582; baseline 0.004 -19"><span class='ocrx_word' id='word_1_18' title='bbox 122 512 182 563; x_wconf 84' lang='lat' dir='ltr'>stes</span> <span class='ocrx_word' id='word_1_19' title='bbox 196 501 536 582; x_wconf 87' lang='lat' dir='ltr'>hominumunaestosque</span> <span class='ocrx_word' id='word_1_20' title='bbox 550 521 696 565; x_wconf 85' lang='lat' dir='ltr'>sermones</span> <span class='ocrx_word' id='word_1_21' title='bbox 711 503 830 566; x_wconf 89' lang='lat' dir='ltr'>laetiore</span> <span class='ocrx_word' id='word_1_22' title='bbox 842 506 957 564; x_wconf 85' lang='lat' dir='ltr'>materia</span> <span class='ocrx_word' id='word_1_23' title='bbox 969 505 1122 569; x_wconf 73' lang='lat' dir='ltr'>detineres.</span> 
     </span>
     <span class='ocr_line' id='line_1_4' title="bbox 118 584 1123 665; baseline 0.007 -20"><span class='ocrx_word' id='word_1_24' title='bbox 118 584 233 646; x_wconf 82' lang='lat' dir='ltr'>Nullam</span> <span class='ocrx_word' id='word_1_25' title='bbox 248 587 394 663; x_wconf 79' lang='lat' dir='ltr'>congiario</span> <span class='ocrx_word' id='word_1_26' title='bbox 410 586 540 665; x_wconf 86' lang='lat' dir='ltr'>culpam,</span> <span class='ocrx_word' id='word_1_27' title='bbox 556 587 659 648; x_wconf 87' lang='lat' dir='ltr'>nullam</span> <span class='ocrx_word' id='word_1_28' title='bbox 674 587 813 649; x_wconf 87' lang='lat' dir='ltr'>alimentis</span> <span class='ocrx_word' id='word_1_29' title='bbox 829 587 1025 649; x_wconf 73' lang='lat' dir='ltr'>crudelitatem</span> <span class='ocrx_word' id='word_1_30' title='bbox 1040 591 1123 652; x_wconf 91' lang='lat' dir='ltr'>rede·</span> 
     </span>
     <span class='ocr_line' id='line_1_5' title="bbox 119 669 1123 751; baseline 0.003 -21"><span class='ocrx_word' id='word_1_31' title='bbox 119 671 212 746; x_wconf 86' lang='lat' dir='ltr'>misti,</span> <span class='ocrx_word' id='word_1_32' title='bbox 232 687 287 729; x_wconf 89' lang='lat' dir='ltr'>nec</span> <span class='ocrx_word' id='word_1_33' title='bbox 301 670 352 730; x_wconf 90' lang='lat' dir='ltr'>tibi</span> <span class='ocrx_word' id='word_1_34' title='bbox 374 670 448 731; x_wconf 92' lang='lat' dir='ltr'>bene</span> <span class='ocrx_word' id='word_1_35' title='bbox 468 671 591 732; x_wconf 83' lang='lat' dir='ltr'>faciendi</span> <span class='ocrx_word' id='word_1_36' title='bbox 611 669 664 732; x_wconf 91' lang='lat' dir='ltr'>luit</span> <span class='ocrx_word' id='word_1_37' title='bbox 686 690 772 733; x_wconf 86' lang='lat' dir='ltr'>causa</span> <span class='ocrx_word' id='word_1_38' title='bbox 787 681 818 732; x_wconf 92' lang='lat' dir='ltr'>ut</span> <span class='ocrx_word' id='word_1_39' title='bbox 835 690 907 751; x_wconf 87' lang='lat' dir='ltr'>quae</span> <span class='ocrx_word' id='word_1_40' title='bbox 922 671 995 734; x_wconf 88' lang='lat' dir='ltr'>male</span> <span class='ocrx_word' id='word_1_41' title='bbox 1010 672 1123 736; x_wconf 87' lang='lat' dir='ltr'>ieceras</span> 
     </span>
     <span class='ocr_line' id='line_1_6' title="bbox 90 751 1123 837; baseline 0.004 -21"><span class='ocrx_word' id='word_1_42' title='bbox 90 755 225 832; x_wconf 75' lang='lat' dir='ltr'>etqpnns</span> <span class='ocrx_word' id='word_1_43' title='bbox 239 751 372 815; x_wconf 79' lang='lat' dir='ltr'>fecisses.</span> <span class='ocrx_word' id='word_1_44' title='bbox 404 755 495 815; x_wconf 68' lang='lat' dir='ltr'>*Amor</span> <span class='ocrx_word' id='word_1_45' title='bbox 507 753 641 833; x_wconf 91' lang='lat' dir='ltr'>inpendio</span> <span class='ocrx_word' id='word_1_46' title='bbox 657 758 729 834; x_wconf 85' lang='lat' dir='ltr'>is&#39;to,</span> <span class='ocrx_word' id='word_1_47' title='bbox 751 773 808 816; x_wconf 93' lang='lat' dir='ltr'>non</span> <span class='ocrx_word' id='word_1_48' title='bbox 823 758 906 817; x_wconf 88' lang='lat' dir='ltr'>venia</span> <span class='ocrx_word' id='word_1_49' title='bbox 921 759 1049 835; x_wconf 82' lang='lat' dir='ltr'>quaesita</span> <span class='ocrx_word' id='word_1_50' title='bbox 1065 767 1123 837; x_wconf 88' lang='lat' dir='ltr'>est,</span> 
     </span>
     <span class='ocr_line' id='line_1_7' title="bbox 109 835 1122 918; baseline 0.006 -21"><span class='ocrx_word' id='word_1_51' title='bbox 109 835 302 916; x_wconf 82' lang='lat' dir='ltr'>populusque</span> <span class='ocrx_word' id='word_1_52' title='bbox 312 836 626 918; x_wconf 68' lang='lat' dir='ltr'>{liemarusobligatus</span> <span class='ocrx_word' id='word_1_53' title='bbox 642 857 658 899; x_wconf 86' lang='lat' dir='ltr'>a</span> <span class='ocrx_word' id='word_1_54' title='bbox 673 838 803 900; x_wconf 79' lang='lat' dir='ltr'>tribunali</span> <span class='ocrx_word' id='word_1_55' title='bbox 824 848 890 918; x_wconf 92' lang='lat' dir='ltr'>tuo,</span> <span class='ocrx_word' id='word_1_56' title='bbox 915 859 972 900; x_wconf 90' lang='lat' dir='ltr'>non</span> <span class='ocrx_word' id='word_1_57' title='bbox 987 851 1122 903; x_wconf 84' lang='lat' dir='ltr'>exoratus</span> 
     </span>
     <span class='ocr_line' id='line_1_8' title="bbox 118 920 1123 1003; baseline 0.006 -23"><span class='ocrx_word' id='word_1_58' title='bbox 118 921 252 981; x_wconf 72' lang='lat' dir='ltr'>recessit.</span> <span class='ocrx_word' id='word_1_59' title='bbox 276 920 410 984; x_wconf 89' lang='lat' dir='ltr'>Obtullsti</span> <span class='ocrx_word' id='word_1_60' title='bbox 426 925 500 982; x_wconf 90' lang='lat' dir='ltr'>enim</span> <span class='ocrx_word' id='word_1_61' title='bbox 517 923 691 1000; x_wconf 79' lang='lat' dir='ltr'>congiarium</span> <span class='ocrx_word' id='word_1_62' title='bbox 705 923 894 1002; x_wconf 79' lang='lat' dir='ltr'>gaudentibus</span> <span class='ocrx_word' id='word_1_63' title='bbox 909 924 1055 1003; x_wconf 78' lang='lat' dir='ltr'>gaudens,</span> <span class='ocrx_word' id='word_1_64' title='bbox 1072 945 1123 986; x_wconf 87' lang='lat' dir='ltr'>se·</span> 
     </span>
     <span class='ocr_line' id='line_1_9' title="bbox 120 1007 1124 1088; baseline 0.004 -23"><span class='ocrx_word' id='word_1_65' title='bbox 120 1022 263 1084; x_wconf 79' lang='lat' dir='ltr'>curuoque</span> <span class='ocrx_word' id='word_1_66' title='bbox 278 1007 404 1076; x_wconf 69' lang='lat' dir='ltr'>securim</span> <span class='ocrx_word' id='word_1_67' title='bbox 428 1007 562 1087; x_wconf 90' lang='lat' dir='ltr'>quodque</span> <span class='ocrx_word' id='word_1_68' title='bbox 577 1017 659 1070; x_wconf 86' lang='lat' dir='ltr'>antea</span> <span class='ocrx_word' id='word_1_69' title='bbox 674 1010 820 1088; x_wconf 86' lang='lat' dir='ltr'>principes</span> <span class='ocrx_word' id='word_1_70' title='bbox 835 1007 871 1068; x_wconf 91' lang='lat' dir='ltr'>ad</span> <span class='ocrx_word' id='word_1_71' title='bbox 887 1008 981 1069; x_wconf 90' lang='lat' dir='ltr'>odium</span> <span class='ocrx_word' id='word_1_72' title='bbox 995 1009 1124 1070; x_wconf 75' lang='lat' dir='ltr'>sui‘leni-</span> 
     </span>
     <span class='ocr_line' id='line_1_10' title="bbox 121 1088 1123 1170; baseline 0.005 -23"><span class='ocrx_word' id='word_1_73' title='bbox 121 1088 223 1148; x_wconf 88' lang='lat' dir='ltr'>endum</span> <span class='ocrx_word' id='word_1_74' title='bbox 243 1090 414 1150; x_wconf 81' lang='lat' dir='ltr'>tumentibus</span> <span class='ocrx_word' id='word_1_75' title='bbox 427 1088 530 1169; x_wconf 91' lang='lat' dir='ltr'>plebis</span> <span class='ocrx_word' id='word_1_76' title='bbox 547 1093 645 1152; x_wconf 85' lang='lat' dir='ltr'>animis</span> <span class='ocrx_word' id='word_1_77' title='bbox 668 1093 866 1170; x_wconf 79' lang='lat' dir='ltr'>oblectabant,</span> <span class='ocrx_word' id='word_1_78' title='bbox 893 1091 920 1153; x_wconf 94' lang='lat' dir='ltr'>id</span> <span class='ocrx_word' id='word_1_79' title='bbox 935 1103 965 1154; x_wconf 91' lang='lat' dir='ltr'>tu</span> <span class='ocrx_word' id='word_1_80' title='bbox 977 1102 1033 1155; x_wconf 90' lang='lat' dir='ltr'>tam</span> <span class='ocrx_word' id='word_1_81' title='bbox 1044 1095 1123 1154; x_wconf 94' lang='lat' dir='ltr'>inno·</span> 
     </span>
     <span class='ocr_line' id='line_1_11' title="bbox 75 1172 1123 1255; baseline 0.007 -26"><span class='ocrx_word' id='word_1_82' title='bbox 75 1179 112 1230; x_wconf 92' lang='lat'>10</span> <span class='ocrx_word' id='word_1_83' title='bbox 121 1172 314 1251; x_wconf 86' lang='lat' dir='ltr'>eenspopulo</span> <span class='ocrx_word' id='word_1_84' title='bbox 321 1173 425 1234; x_wconf 77' lang='lat' dir='ltr'>dedisti</span> <span class='ocrx_word' id='word_1_85' title='bbox 437 1193 519 1252; x_wconf 85' lang='lat' dir='ltr'>quam</span> <span class='ocrx_word' id='word_1_86' title='bbox 530 1175 655 1254; x_wconf 90' lang='lat' dir='ltr'>populus</span> <span class='ocrx_word' id='word_1_87' title='bbox 664 1178 787 1254; x_wconf 83' lang='lat' dir='ltr'>accepit.</span> <span class='ocrx_word' id='word_1_88' title='bbox 809 1175 896 1236; x_wconf 86' lang='lat' dir='ltr'>Paulo</span> <span class='ocrx_word' id='word_1_89' title='bbox 908 1179 1010 1254; x_wconf 91' lang='lat' dir='ltr'>minus,</span> <span class='ocrx_word' id='word_1_90' title='bbox 1027 1186 1123 1255; x_wconf 88' lang='lat' dir='ltr'>patres</span> 
     </span>
     <span class='ocr_line' id='line_1_12' title="bbox 121 1257 1122 1339; baseline 0.005 -23"><span class='ocrx_word' id='word_1_91' title='bbox 121 1257 291 1336; x_wconf 91' lang='lat' dir='ltr'>conscripti,</span> <span class='ocrx_word' id='word_1_92' title='bbox 308 1259 432 1336; x_wconf 79' lang='lat' dir='ltr'>quimpue</span> <span class='ocrx_word' id='word_1_93' title='bbox 443 1257 519 1319; x_wconf 82' lang='lat' dir='ltr'>milia</span> <span class='ocrx_word' id='word_1_94' title='bbox 530 1261 717 1336; x_wconf 86' lang='lat' dir='ltr'>ingenuorum</span> <span class='ocrx_word' id='word_1_95' title='bbox 731 1259 862 1338; x_wconf 82' lang='lat' dir='ltr'>luerunt,</span> <span class='ocrx_word' id='word_1_96' title='bbox 880 1278 953 1339; x_wconf 88' lang='lat' dir='ltr'>quae</span> <span class='ocrx_word' id='word_1_97' title='bbox 968 1261 1122 1322; x_wconf 85' lang='lat' dir='ltr'>liberalitas</span> 
     </span>
     <span class='ocr_line' id='line_1_13' title="bbox 119 1341 1123 1421; baseline 0.004 -22"><span class='ocrx_word' id='word_1_98' title='bbox 119 1341 256 1420; x_wconf 90' lang='lat' dir='ltr'>principis</span> <span class='ocrx_word' id='word_1_99' title='bbox 276 1343 366 1401; x_wconf 85' lang='lat' dir='ltr'>nostri</span> <span class='ocrx_word' id='word_1_100' title='bbox 384 1344 570 1421; x_wconf 76' lang='lat' dir='ltr'>conquisivit,</span> <span class='ocrx_word' id='word_1_101' title='bbox 596 1344 720 1421; x_wconf 91' lang='lat' dir='ltr'>invenit,</span> <span class='ocrx_word' id='word_1_102' title='bbox 746 1342 875 1405; x_wconf 88' lang='lat' dir='ltr'>adscivit.</span> <span class='ocrx_word' id='word_1_103' title='bbox 912 1343 948 1403; x_wconf 89' lang='lat' dir='ltr'>lli</span> <span class='ocrx_word' id='word_1_104' title='bbox 968 1344 1123 1406; x_wconf 86' lang='lat' dir='ltr'>subsidium</span> 
     </span>
     <span class='ocr_line' id='line_1_14' title="bbox 119 1424 1123 1507; baseline 0.005 -24"><span class='ocrx_word' id='word_1_105' title='bbox 119 1424 276 1503; x_wconf 91' lang='lat' dir='ltr'>bellorum,</span> <span class='ocrx_word' id='word_1_106' title='bbox 303 1437 496 1487; x_wconf 80' lang='lat' dir='ltr'>oruamentum</span> <span class='ocrx_word' id='word_1_107' title='bbox 510 1429 590 1506; x_wconf 85' lang='lat' dir='ltr'>pacis</span> <span class='ocrx_word' id='word_1_108' title='bbox 605 1426 728 1506; x_wconf 88' lang='lat' dir='ltr'>publicis</span> <span class='ocrx_word' id='word_1_109' title='bbox 740 1428 903 1506; x_wconf 86' lang='lat' dir='ltr'>sumptibus</span> <span class='ocrx_word' id='word_1_110' title='bbox 919 1427 1047 1506; x_wconf 86' lang='lat' dir='ltr'>aluntur,</span> <span class='ocrx_word' id='word_1_111' title='bbox 1074 1445 1123 1507; x_wconf 90' lang='lat' dir='ltr'>pa·</span> 
     </span>
     <span class='ocr_line' id='line_1_15' title="bbox 119 1511 1123 1590; baseline 0.004 -22"><span class='ocrx_word' id='word_1_112' title='bbox 119 1511 257 1587; x_wconf 86' lang='lat' dir='ltr'>triamque</span> <span class='ocrx_word' id='word_1_113' title='bbox 272 1526 329 1569; x_wconf 91' lang='lat' dir='ltr'>non</span> <span class='ocrx_word' id='word_1_114' title='bbox 344 1519 375 1570; x_wconf 91' lang='lat' dir='ltr'>ut</span> <span class='ocrx_word' id='word_1_115' title='bbox 388 1513 504 1590; x_wconf 86' lang='lat' dir='ltr'>patriam</span> <span class='ocrx_word' id='word_1_116' title='bbox 526 1520 631 1572; x_wconf 88' lang='lat' dir='ltr'>tantum</span> <span class='ocrx_word' id='word_1_117' title='bbox 645 1529 743 1572; x_wconf 86' lang='lat' dir='ltr'>verum</span> <span class='ocrx_word' id='word_1_118' title='bbox 757 1521 788 1572; x_wconf 89' lang='lat' dir='ltr'>ut</span> <span class='ocrx_word' id='word_1_119' title='bbox 803 1511 932 1574; x_wconf 80' lang='lat' dir='ltr'>ultricem</span> <span class='ocrx_word' id='word_1_120' title='bbox 945 1531 1038 1574; x_wconf 87' lang='lat' dir='ltr'>amare</span> <span class='ocrx_word' id='word_1_121' title='bbox 1056 1530 1123 1572; x_wconf 87' lang='lat' dir='ltr'>eon·</span> 
     </span>
     <span class='ocr_line' id='line_1_16' title="bbox 75 1591 1123 1676; baseline 0.002 -22"><span class='ocrx_word' id='word_1_122' title='bbox 75 1592 241 1654; x_wconf 70' lang='lat' dir='ltr'>indiscunt.</span> <span class='ocrx_word' id='word_1_123' title='bbox 260 1591 306 1652; x_wconf 74' lang='lat' dir='ltr'>Eu</span> <span class='ocrx_word' id='word_1_124' title='bbox 319 1593 364 1653; x_wconf 90' lang='lat' dir='ltr'>his</span> <span class='ocrx_word' id='word_1_125' title='bbox 379 1604 487 1673; x_wconf 81' lang='lat' dir='ltr'>castre,</span> <span class='ocrx_word' id='word_1_126' title='bbox 505 1614 542 1654; x_wconf 84' lang='lat' dir='ltr'>ex</span> <span class='ocrx_word' id='word_1_127' title='bbox 555 1595 600 1656; x_wconf 79' lang='lat' dir='ltr'>luis</span> <span class='ocrx_word' id='word_1_128' title='bbox 611 1595 702 1656; x_wconf 89' lang='lat' dir='ltr'>tribus</span> <span class='ocrx_word' id='word_1_129' title='bbox 717 1596 920 1676; x_wconf 91' lang='lat' dir='ltr'>replebuntur,</span> <span class='ocrx_word' id='word_1_130' title='bbox 937 1615 973 1657; x_wconf 85' lang='lat' dir='ltr'>ex</span> <span class='ocrx_word' id='word_1_131' title='bbox 983 1597 1123 1676; x_wconf 87' lang='lat' dir='ltr'>hisquan·</span> 
     </span>
     <span class='ocr_line' id='line_1_17' title="bbox 119 1676 1123 1758; baseline 0.004 -22"><span class='ocrx_word' id='word_1_132' title='bbox 119 1676 213 1755; x_wconf 89' lang='lat' dir='ltr'>doque</span> <span class='ocrx_word' id='word_1_133' title='bbox 225 1687 378 1738; x_wconf 80' lang='lat' dir='ltr'>nasceruur</span> <span class='ocrx_word' id='word_1_134' title='bbox 389 1680 490 1758; x_wconf 87' lang='lat' dir='ltr'>quibus</span> <span class='ocrx_word' id='word_1_135' title='bbox 502 1679 640 1741; x_wconf 87' lang='lat' dir='ltr'>alimentis</span> <span class='ocrx_word' id='word_1_136' title='bbox 653 1697 725 1758; x_wconf 89' lang='lat' dir='ltr'>epus</span> <span class='ocrx_word' id='word_1_137' title='bbox 737 1698 795 1740; x_wconf 91' lang='lat' dir='ltr'>non</span> <span class='ocrx_word' id='word_1_138' title='bbox 806 1683 854 1743; x_wconf 90' lang='lat' dir='ltr'>sit.</span> <span class='ocrx_word' id='word_1_139' title='bbox 879 1681 955 1741; x_wconf 87' lang='lat' dir='ltr'>Dent</span> <span class='ocrx_word' id='word_1_140' title='bbox 969 1681 1034 1758; x_wconf 90' lang='lat' dir='ltr'>tibi,</span> <span class='ocrx_word' id='word_1_141' title='bbox 1052 1679 1123 1741; x_wconf 76' lang='lat' dir='ltr'>(iae-</span> 
     </span>
     <span class='ocr_line' id='line_1_18' title="bbox 119 1761 1123 1844; baseline 0.004 -23"><span class='ocrx_word' id='word_1_142' title='bbox 119 1779 182 1838; x_wconf 89' lang='lat' dir='ltr'>sar,</span> <span class='ocrx_word' id='word_1_143' title='bbox 202 1767 322 1821; x_wconf 80' lang='lat' dir='ltr'>aetatem</span> <span class='ocrx_word' id='word_1_144' title='bbox 331 1761 374 1822; x_wconf 88' lang='lat' dir='ltr'>dii</span> <span class='ocrx_word' id='word_1_145' title='bbox 389 1781 470 1840; x_wconf 81' lang='lat' dir='ltr'>quam</span> <span class='ocrx_word' id='word_1_146' title='bbox 485 1765 621 1842; x_wconf 89' lang='lat' dir='ltr'>mereris,</span> <span class='ocrx_word' id='word_1_147' title='bbox 649 1775 822 1844; x_wconf 88' lang='lat' dir='ltr'>serventque</span> <span class='ocrx_word' id='word_1_148' title='bbox 833 1767 956 1826; x_wconf 86' lang='lat' dir='ltr'>animum</span> <span class='ocrx_word' id='word_1_149' title='bbox 971 1783 1055 1842; x_wconf 91' lang='lat' dir='ltr'>quem</span> <span class='ocrx_word' id='word_1_150' title='bbox 1075 1764 1123 1825; x_wconf 92' lang='lat' dir='ltr'>de-</span> 
     </span>
     <span class='ocr_line' id='line_1_19' title="bbox 118 1843 1123 1927; baseline 0.003 -24"><span class='ocrx_word' id='word_1_151' title='bbox 118 1843 283 1904; x_wconf 64' lang='lat' dir='ltr'>demntztet</span> <span class='ocrx_word' id='word_1_152' title='bbox 298 1855 402 1923; x_wconf 76' lang='lat' dir='ltr'>quanto</span> <span class='ocrx_word' id='word_1_153' title='bbox 420 1849 554 1908; x_wconf 81' lang='lat' dir='ltr'>maiorem</span> <span class='ocrx_word' id='word_1_154' title='bbox 566 1848 712 1909; x_wconf 80' lang='lat' dir='ltr'>infantium</span> <span class='ocrx_word' id='word_1_155' title='bbox 729 1850 838 1909; x_wconf 86' lang='lat' dir='ltr'>turbam</span> <span class='ocrx_word' id='word_1_156' title='bbox 853 1852 955 1910; x_wconf 89' lang='lat' dir='ltr'>iterum</span> <span class='ocrx_word' id='word_1_157' title='bbox 971 1858 1056 1927; x_wconf 89' lang='lat' dir='ltr'>atque</span> <span class='ocrx_word' id='word_1_158' title='bbox 1072 1849 1123 1907; x_wconf 92' lang='lat' dir='ltr'>ite·</span> 
     </span>
     <span class='ocr_line' id='line_1_20' title="bbox 119 1927 1123 2010; baseline 0.004 -23"><span class='ocrx_word' id='word_1_159' title='bbox 119 1945 180 1988; x_wconf 91' lang='lat' dir='ltr'>rum</span> <span class='ocrx_word' id='word_1_160' title='bbox 193 1927 305 1989; x_wconf 91' lang='lat' dir='ltr'>videbis</span> <span class='ocrx_word' id='word_1_161' title='bbox 318 1929 419 1990; x_wconf 87' lang='lat' dir='ltr'>incidi!</span> <span class='ocrx_word' id='word_1_162' title='bbox 446 1931 578 2008; x_wconf 80' lang='lat' dir='ltr'>Augetur</span> <span class='ocrx_word' id='word_1_163' title='bbox 592 1934 666 1992; x_wconf 91' lang='lat' dir='ltr'>enim</span> <span class='ocrx_word' id='word_1_164' title='bbox 681 1932 787 1992; x_wconf 85' lang='lat' dir='ltr'>cotidie</span> <span class='ocrx_word' id='word_1_165' title='bbox 802 1942 832 1992; x_wconf 91' lang='lat' dir='ltr'>et</span> <span class='ocrx_word' id='word_1_166' title='bbox 848 1934 971 2008; x_wconf 89' lang='lat' dir='ltr'>crescit,</span> <span class='ocrx_word' id='word_1_167' title='bbox 987 1949 1044 1991; x_wconf 92' lang='lat' dir='ltr'>non</span> <span class='ocrx_word' id='word_1_168' title='bbox 1059 1933 1123 2010; x_wconf 90' lang='lat' dir='ltr'>quia</span> 
     </span>
     <span class='ocr_line' id='line_1_21' title="bbox 75 2013 1124 2094; baseline 0.002 -22"><span class='ocrx_word' id='word_1_169' title='bbox 75 2014 245 2078; x_wconf 68' lang='lat' dir='ltr'>securiores</span> <span class='ocrx_word' id='word_1_170' title='bbox 260 2013 425 2091; x_wconf 86' lang='lat' dir='ltr'>parentibus</span> <span class='ocrx_word' id='word_1_171' title='bbox 440 2013 540 2092; x_wconf 89' lang='lat' dir='ltr'>liberi,</span> <span class='ocrx_word' id='word_1_172' title='bbox 557 2015 609 2076; x_wconf 94' lang='lat' dir='ltr'>sed</span> <span class='ocrx_word' id='word_1_173' title='bbox 624 2017 689 2094; x_wconf 84' lang='lat' dir='ltr'>quie</span> <span class='ocrx_word' id='word_1_174' title='bbox 704 2017 826 2094; x_wconf 88' lang='lat' dir='ltr'>principi</span> <span class='ocrx_word' id='word_1_175' title='bbox 842 2018 930 2076; x_wconf 87' lang='lat' dir='ltr'>cives.</span> <span class='ocrx_word' id='word_1_176' title='bbox 951 2014 1040 2076; x_wconf 81' lang='lat' dir='ltr'>Dabis</span> <span class='ocrx_word' id='word_1_177' title='bbox 1057 2032 1124 2074; x_wconf 91' lang='lat' dir='ltr'>con·</span> 
     </span>
     <span class='ocr_line' id='line_1_22' title="bbox 118 2097 1123 2177; baseline 0.002 -21"><span class='ocrx_word' id='word_1_178' title='bbox 118 2097 223 2174; x_wconf 85' lang='lat' dir='ltr'>gieria,</span> <span class='ocrx_word' id='word_1_179' title='bbox 238 2098 264 2155; x_wconf 87' lang='lat' dir='ltr'>si</span> <span class='ocrx_word' id='word_1_180' title='bbox 279 2097 377 2166; x_wconf 85' lang='lat' dir='ltr'>voles;</span> <span class='ocrx_word' id='word_1_181' title='bbox 394 2098 553 2176; x_wconf 88' lang='lat' dir='ltr'>praestabis</span> <span class='ocrx_word' id='word_1_182' title='bbox 571 2097 718 2177; x_wconf 85' lang='lat' dir='ltr'>elimenta,</span> <span class='ocrx_word' id='word_1_183' title='bbox 735 2100 760 2160; x_wconf 92' lang='lat' dir='ltr'>si</span> <span class='ocrx_word' id='word_1_184' title='bbox 775 2098 873 2160; x_wconf 89' lang='lat' dir='ltr'>voles:</span> <span class='ocrx_word' id='word_1_185' title='bbox 894 2098 935 2159; x_wconf 95' lang='lat' dir='ltr'>illi</span> <span class='ocrx_word' id='word_1_186' title='bbox 950 2108 1043 2159; x_wconf 86' lang='lat' dir='ltr'>tamen</span> <span class='ocrx_word' id='word_1_187' title='bbox 1057 2116 1123 2177; x_wconf 91' lang='lat' dir='ltr'>pro·</span> 
     </span>
     <span class='ocr_line' id='line_1_23' title="bbox 118 2189 402 2259; baseline -0.007 -17"><span class='ocrx_word' id='word_1_188' title='bbox 118 2191 184 2259; x_wconf 87' lang='lat' dir='ltr'>pter</span> <span class='ocrx_word' id='word_1_189' title='bbox 197 2189 226 2240; x_wconf 89' lang='lat' dir='ltr'>te</span> <span class='ocrx_word' id='word_1_190' title='bbox 241 2190 402 2242; x_wconf 87' lang='lat' dir='ltr'>nascuntur.</span> 
     </span>
     <span class='ocr_line' id='line_1_24' title="bbox 180 2262 1173 2344; baseline 0.006 -22"><span class='ocrx_word' id='word_1_191' title='bbox 180 2262 271 2325; x_wconf 84' lang='lat' dir='ltr'>lnstar</span> <span class='ocrx_word' id='word_1_192' title='bbox 292 2283 349 2343; x_wconf 85' lang='lat' dir='ltr'>ego</span> <span class='ocrx_word' id='word_1_193' title='bbox 378 2267 510 2344; x_wconf 88' lang='lat' dir='ltr'>perpetui</span> <span class='ocrx_word' id='word_1_194' title='bbox 535 2267 671 2343; x_wconf 83' lang='lat' dir='ltr'>congiarii</span> <span class='ocrx_word' id='word_1_195' title='bbox 692 2283 759 2327; x_wconf 92' lang='lat' dir='ltr'>reor</span> <span class='ocrx_word' id='word_1_196' title='bbox 783 2266 961 2326; x_wconf 86' lang='lat' dir='ltr'>adiluentiam</span> <span class='ocrx_word' id='word_1_197' title='bbox 984 2282 1120 2326; x_wconf 54' lang='lat' dir='ltr'>annonae,</span> <span class='ocrx_word' id='word_1_198' title='bbox 1133 2265 1173 2328; x_wconf 75' lang='lat'>29</span> 
     </span>
     <span class='ocr_line' id='line_1_25' title="bbox 118 2347 1155 2431; baseline 0.001 -23"><span class='ocrx_word' id='word_1_199' title='bbox 118 2348 207 2409; x_wconf 89' lang='lat' dir='ltr'>lluius</span> <span class='ocrx_word' id='word_1_200' title='bbox 222 2347 372 2428; x_wconf 86' lang='lat' dir='ltr'>aliquando</span> <span class='ocrx_word' id='word_1_201' title='bbox 388 2367 455 2411; x_wconf 90' lang='lat' dir='ltr'>eura</span> <span class='ocrx_word' id='word_1_202' title='bbox 466 2349 606 2429; x_wconf 89' lang='lat' dir='ltr'>Pompeio</span> <span class='ocrx_word' id='word_1_203' title='bbox 621 2368 680 2411; x_wconf 93' lang='lat' dir='ltr'>non</span> <span class='ocrx_word' id='word_1_204' title='bbox 695 2352 786 2411; x_wconf 92' lang='lat' dir='ltr'>minus</span> <span class='ocrx_word' id='word_1_205' title='bbox 801 2349 905 2410; x_wconf 83' lang='lat' dir='ltr'>eddidit</span> <span class='ocrx_word' id='word_1_206' title='bbox 919 2349 1028 2431; x_wconf 84' lang='lat' dir='ltr'>gloriae</span> <span class='ocrx_word' id='word_1_207' title='bbox 1041 2367 1123 2428; x_wconf 87' lang='lat' dir='ltr'>quam</span> <span class='ocrx_word' id='word_1_208' title='bbox 1150 2377 1155 2386; x_wconf 88' lang='lat'><strong>·</strong></span> 
     </span>
     <span class='ocr_line' id='line_1_26' title="bbox 75 2432 1123 2513; baseline -0.001 -20"><span class='ocrx_word' id='word_1_209' title='bbox 75 2432 219 2512; x_wconf 78' lang='lat' dir='ltr'>25pnlsus</span> <span class='ocrx_word' id='word_1_210' title='bbox 237 2434 355 2495; x_wconf 87' lang='lat' dir='ltr'>ambitus</span> <span class='ocrx_word' id='word_1_211' title='bbox 372 2451 490 2513; x_wconf 88' lang='lat' dir='ltr'>eampo,</span> <span class='ocrx_word' id='word_1_212' title='bbox 509 2443 626 2496; x_wconf 81' lang='lat' dir='ltr'>emctm</span> <span class='ocrx_word' id='word_1_213' title='bbox 642 2434 733 2495; x_wconf 90' lang='lat' dir='ltr'>bostis</span> <span class='ocrx_word' id='word_1_214' title='bbox 746 2436 836 2512; x_wconf 86' lang='lat' dir='ltr'>meri,</span> <span class='ocrx_word' id='word_1_215' title='bbox 859 2433 961 2496; x_wconf 88' lang='lat' dir='ltr'>Oriens</span> <span class='ocrx_word' id='word_1_216' title='bbox 975 2433 1123 2513; x_wconf 88' lang='lat' dir='ltr'>triumphis</span> 
     </span>
     <span class='ocr_line' id='line_1_27' title="bbox 119 2517 1122 2597; baseline -0.001 -19"><span class='ocrx_word' id='word_1_217' title='bbox 119 2517 321 2597; x_wconf 84' lang='lat' dir='ltr'>Occidensque</span> <span class='ocrx_word' id='word_1_218' title='bbox 336 2518 479 2579; x_wconf 73' lang='lat' dir='ltr'>lustratus.</span> <span class='ocrx_word' id='word_1_219' title='bbox 500 2517 564 2578; x_wconf 86' lang='lat' dir='ltr'>Nec</span> <span class='ocrx_word' id='word_1_220' title='bbox 578 2535 649 2580; x_wconf 92' lang='lat' dir='ltr'>vero</span> <span class='ocrx_word' id='word_1_221' title='bbox 663 2517 713 2580; x_wconf 90' lang='lat' dir='ltr'>ille</span> <span class='ocrx_word' id='word_1_222' title='bbox 729 2518 841 2581; x_wconf 90' lang='lat' dir='ltr'>civilius</span> <span class='ocrx_word' id='word_1_223' title='bbox 856 2536 938 2596; x_wconf 89' lang='lat' dir='ltr'>quarn</span> <span class='ocrx_word' id='word_1_224' title='bbox 953 2537 1057 2597; x_wconf 90' lang='lat' dir='ltr'>parens</span> <span class='ocrx_word' id='word_1_225' title='bbox 1072 2534 1122 2577; x_wconf 93' lang='lat' dir='ltr'>no·</span> 
     </span>
     <span class='ocr_line' id='line_1_28' title="bbox 117 2601 1122 2682; baseline -0.001 -19"><span class='ocrx_word' id='word_1_226' title='bbox 117 2612 179 2663; x_wconf 91' lang='lat' dir='ltr'>ster</span> <span class='ocrx_word' id='word_1_227' title='bbox 199 2604 366 2664; x_wconf 88' lang='lat' dir='ltr'>auctoritate</span> <span class='ocrx_word' id='word_1_228' title='bbox 389 2601 509 2663; x_wconf 89' lang='lat' dir='ltr'>consilio</span> <span class='ocrx_word' id='word_1_229' title='bbox 530 2602 585 2663; x_wconf 90' lang='lat' dir='ltr'>lide</span> <span class='ocrx_word' id='word_1_230' title='bbox 606 2603 727 2664; x_wconf 90' lang='lat' dir='ltr'>reclusit</span> <span class='ocrx_word' id='word_1_231' title='bbox 740 2604 818 2681; x_wconf 85' lang='lat' dir='ltr'>vias,</span> <span class='ocrx_word' id='word_1_232' title='bbox 844 2612 943 2682; x_wconf 89' lang='lat' dir='ltr'>portus</span> <span class='ocrx_word' id='word_1_233' title='bbox 960 2602 1122 2681; x_wconf 83' lang='lat' dir='ltr'>patefecit,</span> 
     </span>
     <span class='ocr_line' id='line_1_29' title="bbox 117 2685 1123 2764; baseline 0 -19"><span class='ocrx_word' id='word_1_234' title='bbox 117 2688 219 2746; x_wconf 80' lang='lat' dir='ltr'>itinera</span> <span class='ocrx_word' id='word_1_235' title='bbox 232 2687 334 2763; x_wconf 88' lang='lat' dir='ltr'>terris,</span> <span class='ocrx_word' id='word_1_236' title='bbox 351 2686 480 2747; x_wconf 92' lang='lat' dir='ltr'>litoribus</span> <span class='ocrx_word' id='word_1_237' title='bbox 495 2704 587 2762; x_wconf 91' lang='lat' dir='ltr'>mare,</span> <span class='ocrx_word' id='word_1_238' title='bbox 604 2685 686 2746; x_wconf 92' lang='lat' dir='ltr'>litora</span> <span class='ocrx_word' id='word_1_239' title='bbox 700 2689 768 2746; x_wconf 92' lang='lat' dir='ltr'>mari</span> <span class='ocrx_word' id='word_1_240' title='bbox 783 2686 922 2764; x_wconf 86' lang='lat' dir='ltr'>reddidit,</span> <span class='ocrx_word' id='word_1_241' title='bbox 939 2686 1123 2762; x_wconf 89' lang='lat' dir='ltr'>diversasque</span> 
     </span>
     <span class='ocr_line' id='line_1_30' title="bbox 117 2770 1122 2848; baseline -0.002 -18"><span class='ocrx_word' id='word_1_242' title='bbox 117 2778 222 2848; x_wconf 88' lang='lat' dir='ltr'>gentes</span> <span class='ocrx_word' id='word_1_243' title='bbox 237 2770 276 2830; x_wconf 90' lang='lat' dir='ltr'>ita</span> <span class='ocrx_word' id='word_1_244' title='bbox 293 2772 462 2831; x_wconf 90' lang='lat' dir='ltr'>commercio</span> <span class='ocrx_word' id='word_1_245' title='bbox 477 2772 590 2831; x_wconf 87' lang='lat' dir='ltr'>miscuit</span> <span class='ocrx_word' id='word_1_246' title='bbox 605 2780 651 2847; x_wconf 90' lang='lat' dir='ltr'>ut,</span> <span class='ocrx_word' id='word_1_247' title='bbox 674 2771 749 2848; x_wconf 93' lang='lat' dir='ltr'>quod</span> <span class='ocrx_word' id='word_1_248' title='bbox 763 2771 888 2848; x_wconf 87' lang='lat' dir='ltr'>genitum</span> <span class='ocrx_word' id='word_1_249' title='bbox 901 2779 980 2830; x_wconf 89' lang='lat' dir='ltr'>esset</span> <span class='ocrx_word' id='word_1_250' title='bbox 993 2787 1122 2846; x_wconf 90' lang='lat' dir='ltr'>usquam,</span> 
     </span>
     <span class='ocr_line' id='line_1_31' title="bbox 74 2853 1124 2932; baseline 0.002 -20"><span class='ocrx_word' id='word_1_251' title='bbox 74 2853 146 2928; x_wconf 83' lang='lat' dir='ltr'>30id</span> <span class='ocrx_word' id='word_1_252' title='bbox 160 2853 235 2932; x_wconf 86' lang='lat' dir='ltr'>apud</span> <span class='ocrx_word' id='word_1_253' title='bbox 250 2871 348 2915; x_wconf 82' lang='lat' dir='ltr'>ornnes</span> <span class='ocrx_word' id='word_1_254' title='bbox 361 2863 454 2914; x_wconf 86' lang='lat' dir='ltr'>natum</span> <span class='ocrx_word' id='word_1_255' title='bbox 469 2873 537 2916; x_wconf 90' lang='lat' dir='ltr'>esse</span> <span class='ocrx_word' id='word_1_256' title='bbox 551 2854 703 2915; x_wconf 90' lang='lat' dir='ltr'>videretur.</span> <span class='ocrx_word' id='word_1_257' title='bbox 731 2853 832 2915; x_wconf 86' lang='lat' dir='ltr'>Nonne</span> <span class='ocrx_word' id='word_1_258' title='bbox 854 2871 973 2914; x_wconf 87' lang='lat' dir='ltr'>cernere</span> <span class='ocrx_word' id='word_1_259' title='bbox 996 2853 1076 2914; x_wconf 91' lang='lat' dir='ltr'>datur</span> <span class='ocrx_word' id='word_1_260' title='bbox 1094 2863 1124 2914; x_wconf 89' lang='lat' dir='ltr'>ut</span> 
     </span>
     <span class='ocr_line' id='line_1_32' title="bbox 118 2933 1124 3017; baseline -0.004 -17"><span class='ocrx_word' id='word_1_261' title='bbox 118 2941 181 3000; x_wconf 93' lang='lat' dir='ltr'>sine</span> <span class='ocrx_word' id='word_1_262' title='bbox 193 2937 278 3000; x_wconf 87' lang='lat' dir='ltr'>ullius</span> <span class='ocrx_word' id='word_1_263' title='bbox 289 2940 388 2999; x_wconf 86' lang='lat' dir='ltr'>iniuria</span> <span class='ocrx_word' id='word_1_264' title='bbox 399 2941 489 3000; x_wconf 92' lang='lat' dir='ltr'>omnis</span> <span class='ocrx_word' id='word_1_265' title='bbox 501 2939 599 2999; x_wconf 88' lang='lat' dir='ltr'>usibus</span> <span class='ocrx_word' id='word_1_266' title='bbox 610 2940 716 3000; x_wconf 90' lang='lat' dir='ltr'>nostris</span> <span class='ocrx_word' id='word_1_267' title='bbox 732 2957 820 2999; x_wconf 89' lang='lat' dir='ltr'>annus</span> <span class='ocrx_word' id='word_1_268' title='bbox 833 2933 992 2998; x_wconf 85' lang='lat' dir='ltr'>exuberet?</span> <span class='ocrx_word' id='word_1_269' title='bbox 1009 2936 1124 3017; x_wconf 83' lang='lat' dir='ltr'>Quippe</span> 
     </span>
     <span class='ocr_line' id='line_1_33' title="bbox 117 3022 1123 3102; baseline -0.004 -19"><span class='ocrx_word' id='word_1_270' title='bbox 117 3041 175 3084; x_wconf 92' lang='lat' dir='ltr'>non</span> <span class='ocrx_word' id='word_1_271' title='bbox 189 3033 220 3083; x_wconf 90' lang='lat' dir='ltr'>ut</span> <span class='ocrx_word' id='word_1_272' title='bbox 234 3041 272 3083; x_wconf 87' lang='lat' dir='ltr'>ex</span> <span class='ocrx_word' id='word_1_273' title='bbox 281 3022 394 3084; x_wconf 88' lang='lat' dir='ltr'>bostieo</span> <span class='ocrx_word' id='word_1_274' title='bbox 406 3031 504 3102; x_wconf 89' lang='lat' dir='ltr'>raptae</span> <span class='ocrx_word' id='word_1_275' title='bbox 517 3025 717 3101; x_wconf 87' lang='lat' dir='ltr'>perituraeque</span> <span class='ocrx_word' id='word_1_276' title='bbox 731 3025 759 3083; x_wconf 90' lang='lat' dir='ltr'>in</span> <span class='ocrx_word' id='word_1_277' title='bbox 772 3023 884 3084; x_wconf 86' lang='lat' dir='ltr'>horreis</span> <span class='ocrx_word' id='word_1_278' title='bbox 897 3041 1009 3084; x_wconf 87' lang='lat' dir='ltr'>messes</span> <span class='ocrx_word' id='word_1_279' title='bbox 1025 3024 1123 3100; x_wconf 90' lang='lat' dir='ltr'>nequi-</span> 
     </span>
     <span class='ocr_line' id='line_1_34' title="bbox 119 3105 1125 3186; baseline -0.003 -19"><span class='ocrx_word' id='word_1_280' title='bbox 119 3125 203 3186; x_wconf 87' lang='lat' dir='ltr'>quam</span> <span class='ocrx_word' id='word_1_281' title='bbox 217 3108 411 3185; x_wconf 88' lang='lat' dir='ltr'>quiritantibus</span> <span class='ocrx_word' id='word_1_282' title='bbox 426 3108 514 3169; x_wconf 89' lang='lat' dir='ltr'>sociis</span> <span class='ocrx_word' id='word_1_283' title='bbox 530 3107 700 3167; x_wconf 80' lang='lat' dir='ltr'>auferuntur.</span> <span class='ocrx_word' id='word_1_284' title='bbox 723 3106 874 3167; x_wconf 88' lang='lat' dir='ltr'>Devehunt</span> <span class='ocrx_word' id='word_1_285' title='bbox 888 3109 943 3186; x_wconf 94' lang='lat' dir='ltr'>ipsi</span> <span class='ocrx_word' id='word_1_286' title='bbox 957 3105 1034 3184; x_wconf 89' lang='lat' dir='ltr'>quod</span> <span class='ocrx_word' id='word_1_287' title='bbox 1049 3115 1125 3166; x_wconf 86' lang='lat' dir='ltr'>terra</span> 
     </span>
     <span class='ocr_line' id='line_1_35' title="bbox 118 3187 1125 3271; baseline -0.006 -17"><span class='ocrx_word' id='word_1_288' title='bbox 118 3193 228 3270; x_wconf 84' lang='lat' dir='ltr'>genuit,</span> <span class='ocrx_word' id='word_1_289' title='bbox 244 3191 411 3271; x_wconf 86' lang='lat' dir='ltr'>qnodsidus</span> <span class='ocrx_word' id='word_1_290' title='bbox 427 3190 505 3269; x_wconf 86' lang='lat' dir='ltr'>aluit,</span> <span class='ocrx_word' id='word_1_291' title='bbox 521 3190 597 3271; x_wconf 90' lang='lat' dir='ltr'>quod</span> <span class='ocrx_word' id='word_1_292' title='bbox 611 3209 699 3252; x_wconf 88' lang='lat' dir='ltr'>annus</span> <span class='ocrx_word' id='word_1_293' title='bbox 712 3191 785 3269; x_wconf 89' lang='lat' dir='ltr'>tulit,</span> <span class='ocrx_word' id='word_1_294' title='bbox 802 3209 858 3253; x_wconf 88' lang='lat' dir='ltr'>nec</span> <span class='ocrx_word' id='word_1_295' title='bbox 871 3192 953 3251; x_wconf 91' lang='lat' dir='ltr'>novis</span> <span class='ocrx_word' id='word_1_296' title='bbox 965 3187 1125 3250; x_wconf 90' lang='lat' dir='ltr'>indictioni·</span> 
     </span>
     <span class='ocr_line' id='line_1_36' title="bbox 75 3272 1123 3356; baseline -0.01 -14"><span class='ocrx_word' id='word_1_297' title='bbox 75 3278 172 3342; x_wconf 82' lang='lat' dir='ltr'>esbus</span> <span class='ocrx_word' id='word_1_298' title='bbox 185 3278 280 3356; x_wconf 89' lang='lat' dir='ltr'>pressi</span> <span class='ocrx_word' id='word_1_299' title='bbox 294 3275 328 3337; x_wconf 83' lang='lat' dir='ltr'>ud</span> <span class='ocrx_word' id='word_1_300' title='bbox 341 3285 440 3336; x_wconf 87' lang='lat' dir='ltr'>vetera</span> <span class='ocrx_word' id='word_1_301' title='bbox 455 3275 558 3336; x_wconf 87' lang='lat' dir='ltr'>tributa</span> <span class='ocrx_word' id='word_1_302' title='bbox 572 3276 715 3336; x_wconf 88' lang='lat' dir='ltr'>deliciunt.</span> <span class='ocrx_word' id='word_1_303' title='bbox 743 3275 818 3336; x_wconf 88' lang='lat' dir='ltr'>Emit</span> <span class='ocrx_word' id='word_1_304' title='bbox 833 3275 919 3335; x_wconf 86' lang='lat' dir='ltr'>fiscus</span> <span class='ocrx_word' id='word_1_305' title='bbox 935 3272 1069 3352; x_wconf 89' lang='lat' dir='ltr'>quidquid</span> <span class='ocrx_word' id='word_1_306' title='bbox 1083 3275 1123 3332; x_wconf 91' lang='lat' dir='ltr'>vi·</span> 
     </span>
     <span class='ocr_line' id='line_1_37' title="bbox 119 3357 1123 3438; baseline -0.005 -17"><span class='ocrx_word' id='word_1_307' title='bbox 119 3361 202 3422; x_wconf 89' lang='lat' dir='ltr'>detor</span> <span class='ocrx_word' id='word_1_308' title='bbox 219 3377 324 3421; x_wconf 88' lang='lat' dir='ltr'>emere.</span> <span class='ocrx_word' id='word_1_309' title='bbox 358 3358 562 3438; x_wconf 80' lang='lat' dir='ltr'>lnde&#39;copiae,</span> <span class='ocrx_word' id='word_1_310' title='bbox 588 3359 654 3421; x_wconf 89' lang='lat' dir='ltr'>iude</span> <span class='ocrx_word' id='word_1_311' title='bbox 666 3377 791 3437; x_wconf 87' lang='lat' dir='ltr'>annona,</span> <span class='ocrx_word' id='word_1_312' title='bbox 817 3358 923 3438; x_wconf 84' lang='lat' dir='ltr'>deque</span> <span class='ocrx_word' id='word_1_313' title='bbox 943 3359 1019 3418; x_wconf 90' lang='lat' dir='ltr'>inter</span> <span class='ocrx_word' id='word_1_314' title='bbox 1035 3357 1123 3417; x_wconf 91' lang='lat' dir='ltr'>licen-</span> 
     </span>
     <span class='ocr_line' id='line_1_38' title="bbox 118 3441 1122 3524; baseline -0.006 -18"><span class='ocrx_word' id='word_1_315' title='bbox 118 3455 177 3506; x_wconf 88' lang='lat' dir='ltr'>tem</span> <span class='ocrx_word' id='word_1_316' title='bbox 191 3446 419 3524; x_wconf 90' lang='lat' dir='ltr'>vendentemque</span> <span class='ocrx_word' id='word_1_317' title='bbox 436 3446 601 3523; x_wconf 90' lang='lat' dir='ltr'>conveniat,</span> <span class='ocrx_word' id='word_1_318' title='bbox 617 3444 683 3505; x_wconf 90' lang='lat' dir='ltr'>inde</span> <span class='ocrx_word' id='word_1_319' title='bbox 695 3444 743 3504; x_wconf 89' lang='lat' dir='ltr'>hic</span> <span class='ocrx_word' id='word_1_320' title='bbox 755 3444 888 3521; x_wconf 85' lang='lat' dir='ltr'>satietas,</span> <span class='ocrx_word' id='word_1_321' title='bbox 907 3461 962 3502; x_wconf 91' lang='lat' dir='ltr'>nec</span> <span class='ocrx_word' id='word_1_322' title='bbox 974 3441 1064 3502; x_wconf 84' lang='lat' dir='ltr'>fames</span> <span class='ocrx_word' id='word_1_323' title='bbox 1075 3459 1122 3500; x_wconf 90' lang='lat' dir='ltr'>ns·</span> 
     </span>
     <span class='ocr_line' id='line_1_39' title="bbox 119 3522 1173 3610; baseline -0.008 -18"><span class='ocrx_word' id='word_1_324' title='bbox 119 3547 213 3610; x_wconf 82' lang='lat' dir='ltr'>quam</span> <span class='ocrx_word' id='word_1_325' title='bbox 229 3530 382 3610; x_wconf 72' lang='lat' dir='ltr'>Aegyptus</span> <span class='ocrx_word' id='word_1_326' title='bbox 395 3528 708 3608; x_wconf 78' lang='lat' dir='ltr'>alendis‘augendisque</span> <span class='ocrx_word' id='word_1_327' title='bbox 720 3527 872 3588; x_wconf 91' lang='lat' dir='ltr'>seminibus</span> <span class='ocrx_word' id='word_1_328' title='bbox 887 3528 925 3588; x_wconf 89' lang='lat' dir='ltr'>ita</span> <span class='ocrx_word' id='word_1_329' title='bbox 940 3525 1059 3604; x_wconf 89' lang='lat' dir='ltr'>gloriata</span> <span class='ocrx_word' id='word_1_330' title='bbox 1075 3532 1119 3584; x_wconf 91' lang='lat' dir='ltr'>est</span> <span class='ocrx_word' id='word_1_331' title='bbox 1132 3522 1173 3584; x_wconf 89' lang='grc'>30</span> 
     </span>
    </p>
   </div>
   <div class='ocr_carea' id='block_1_3' title="bbox 0 0 1294 3970">
    <p class='ocr_par' dir='ltr' id='par_1_3' title="bbox 0 0 1294 3970">
     <span class='ocr_line' id='line_1_40' title="bbox 0 0 1294 3970; baseline 0 0"><span class='ocrx_word' id='word_1_332' title='bbox 0 0 1294 3970; x_wconf 95' lang='lat' dir='ltr'> </span> 
     </span>
    </p>
   </div>
  </div>
 </body>
</html>
