2580 3970
177 247 241 311 2⁵4
416 217 425 228 ”
622 245 655 308 o.
674 245 826 308 rum,

177 407 338 478 conspectu
352 398 495 460 Romanae
516 398 624 460 sobolis
639 399 759 479 inpleri,
784 415 883 460 omnes
905 410 997 462 tamen
1018 409 1188 479 antequam

177 494 206 546 te
222 483 351 544 viderent
368 483 514 544 adirentre
528 484 619 563 recipi
633 483 719 544 incidi
733 485 857 562 iussisti,
885 495 915 546 ut
935 486 989 546 iam
1009 484 1075 544 inde
1089 485 1125 544 ab
1140 486 1187 544 in-

177 568 261 629 iantia
286 576 432 646 parentem
457 565 603 646 publicum
625 584 741 629 munere
768 567 944 630 educationis
971 568 1185 648 experirentur,

176 660 342 713 crescerent
358 651 394 712 de
410 661 458 712 tuo
474 654 523 730 qui
538 661 705 712 crescerent
718 653 786 730 tibi,
801 651 997 732 alimentisque
1012 654 1069 714 tuis
1084 651 1120 712 ad
1130 654 1185 712 sti-

176 735 278 815 pendia
290 743 338 794 tua
350 737 551 814 pervenirent,
567 743 730 814 tantumque
745 753 845 798 omnes
860 736 907 795 uni
923 737 973 796 tibi
987 746 1120 815 quantum
1131 737 1210 814 pa-5

174 819 301 880 rentibus
317 820 376 880 suis
392 820 513 897 quisque
531 818 659 882 deberet.
679 819 782 898 Recte,
799 817 916 898 Caesar,
934 819 1011 898 quod
1025 837 1107 900 spem
1122 819 1185 878 Ro-

175 905 248 964 mani
263 903 383 962 nominis
398 903 556 981 sumptibus
571 905 628 966 tuis
642 905 775 983 suscipis.
798 903 913 964 Nullum
928 913 975 966 est
988 905 1063 964 enim
1076 921 1185 980 magno
1273 895 1274 968 l

176 988 306 1066 principe
334 986 617 1065 inmortalitatemque
642 990 777 1049 meriture
802 988 927 1066 inpendii
949 1005 1043 1064 genus
1068 987 1185 1064 dfflius
1273 981 1274 1056 l

175 1089 258 1150 quam
273 1069 350 1148 qnod
364 1080 497 1149 erogatur
511 1073 539 1130 in
551 1081 695 1150 posteros.
716 1069 890 1150 Locupletes
901 1070 936 1132 ad
948 1071 1092 1132 tollendos
1108 1070 1185 1131 libe-
1273 1065 1274 1128 l

175 1173 224 1216 ros
239 1155 364 1232 ingentia
379 1156 503 1233 praemia
519 1163 548 1215 et
562 1172 646 1233 pares
659 1172 771 1235 poenae
786 1155 979 1222 adhortantur:
1005 1153 1184 1234 pauperibus
1195 1160 1228 1211 lo
1273 1187 1274 1220 p

176 1238 314 1300 educandi
328 1257 382 1300 una
397 1241 468 1300 ratio
484 1247 529 1300 est
544 1238 635 1300 bonus
649 1241 795 1318 princeps.
817 1238 870 1300 Hic
888 1237 988 1300 fiducia
1005 1240 1050 1299 sui
1062 1256 1185 1318 precre·
1273 1271 1274 1314 3

176 1333 238 1384 atos
260 1324 314 1382 nisi
329 1321 408 1400 larga
421 1341 502 1385 manu
517 1322 612 1401 leret,
639 1332 740 1401 anget,
763 1323 959 1402 amplectitur,
980 1340 1117 1384 occasum
1130 1322 1185 1380 im·
1273 1323 1274 1344 ²

176 1409 266 1486 perii,
283 1423 418 1468 oceasum
431 1409 474 1468 rei
490 1407 622 1486 publicae
637 1405 781 1468 adcelerat
793 1406 954 1485 frustraque
966 1423 1106 1486 proceres
1118 1404 1184 1486 ple·

177 1491 214 1550 be
228 1489 380 1569 neglecta,
401 1499 432 1550 ut
452 1490 597 1552 deiectum
616 1507 738 1570 corpore
754 1500 838 1569 caput
858 1499 1075 1570 nutaturnmque
1093 1492 1185 1551 insta·

177 1573 227 1634 bili
247 1572 392 1650 pondere,
420 1583 523 1635 tuetur.
557 1573 655 1636 Facile
672 1584 718 1636 est
737 1575 899 1636 coniectare
916 1575 992 1654 quod
1009 1575 1183 1653 perceperis
1194 1582 1227 1634 15
1273 1563 1274 1640 l

177 1655 326 1736 gaudium,
348 1673 412 1716 cum
426 1667 455 1718 te
470 1669 616 1737 parentum
631 1657 786 1720 liberorum
800 1676 899 1720 senum
913 1659 1059 1720 infantium
1074 1675 1184 1736 puero·
1273 1646 1274 1718 l

176 1759 237 1801 rum
252 1739 359 1801 clamor
372 1742 532 1819 exciperet.
554 1741 633 1803 Haec
647 1743 736 1820 prima
749 1743 931 1822 parvulorum
945 1744 1048 1803 civium
1061 1758 1119 1802 vox
1131 1759 1184 1800 an·
1273 1739 1274 1790 i

176 1844 224 1886 res
237 1834 299 1886 tuas
312 1824 412 1903 inbuit,
428 1825 530 1904 quibus
542 1825 699 1886 tusdaturns
713 1825 853 1902 allucente,
869 1827 926 1888 hoc
936 1828 1086 1887 maximum
1097 1843 1183 1904 prae·

177 1909 272 1970 stitisti
292 1927 328 1968 ne
347 1919 491 1986 rogarent.
527 1909 621 1989 Super
641 1912 732 1970 omnia
750 1920 794 1972 est
817 1919 910 1972 tannen
931 1910 1007 1989 qnod
1021 1909 1085 1972 telis
1101 1928 1135 1970 es
1149 1917 1184 1968 ut

125 2005 166 2071 27
179 1993 231 2056 sub
246 2002 275 2053 te
291 1991 398 2054 liberos
420 1993 525 2054 tollere
539 1993 627 2056 libeat
641 1995 784 2073 expediat.
826 1992 918 2054 Nemo
932 1997 985 2054 iarn
1002 2011 1106 2072 parcns
1121 1991 1226 2056 lilioso
1273 2013 1274 2020 ¹

177 2079 231 2136 nisi
257 2077 417 2154 fragilitatis
442 2078 579 2138 hnmanae
603 2080 684 2140 vices
710 2079 825 2154 horret,
858 2096 914 2138 nee
941 2079 1015 2138 inter
1039 2075 1183 2138 insanabi-

176 2161 220 2222 les
236 2161 352 2223 mcrbos
368 2161 505 2242 principis
520 2163 561 2223 ira
574 2171 742 2224 numerator.
774 2160 906 2239 Magnum
921 2161 1034 2241 quidem
1048 2170 1094 2222 est
1111 2159 1183 2222 edu-
1273 2147 1274 2202 l

178 2244 258 2305 candi
277 2246 485 2306 incitamentum
505 2245 609 2306 tollere
632 2245 741 2306 liberos
760 2247 788 2306 in
808 2263 890 2324 spem
912 2246 1127 2323 alimentorum,
1152 2245 1184 2303 in
1273 2217 1274 2280 l

177 2347 258 2407 spem
275 2331 496 2406 congeriorum:
510 2332 599 2390 mains
616 2338 725 2407 tamen,
742 2332 770 2390 in
787 2346 869 2408 spem
883 2327 1039 2407 libertatis,
1054 2330 1084 2388 in
1097 2345 1183 2407 spem

176 2413 348 2473 securitatis.
369 2411 465 2490 Atque
481 2412 554 2472 adeo
567 2412 635 2472 nibil
649 2412 784 2491 larm’atur
796 2413 949 2492 princeps,
966 2412 1031 2472 dum
1045 2412 1116 2472 nibil
1133 2424 1224 2478 sumt

177 2495 264 2563 lerat;
284 2510 341 2553 non
355 2493 427 2572 alat,
450 2495 515 2554 dnm
529 2512 585 2555 non
600 2495 726 2557 occidat:
747 2514 804 2564 nec
820 2496 939 2557 deerunt
952 2498 1000 2576 qni
1021 2495 1095 2557 lilios
1112 2513 1183 2556 con-

178 2579 336 2656 cupiscant.
364 2575 468 2640 Contra
482 2577 617 2656 largiatur
630 2589 659 2640 et
674 2579 800 2657 auferat,
814 2580 870 2641 alat
884 2589 914 2642 et
929 2580 1057 2641 occidat:
1078 2598 1116 2640 ne
1130 2579 1183 2639 ille

177 2663 260 2724 etiam
274 2663 355 2723 brevi
370 2673 500 2741 tempore
515 2663 646 2724 effecerit
660 2671 691 2724 ut
707 2682 806 2726 omnes
819 2682 876 2724 non
899 2673 1082 2744 posterorum
1094 2663 1183 2722 modo

177 2746 230 2807 sed
243 2749 287 2808 sui
298 2756 500 2827 parentumque
513 2749 666 2827 paeniteat.
688 2747 829 2821 Quocirca
840 2748 909 2808 nibil
921 2750 1009 2826 magis
1021 2750 1051 2808 in
1062 2757 1111 2808 tua
1122 2756 1183 2808 tota

176 2830 347 2892 liberalitate
360 2830 532 2892 laudaverim
548 2849 629 2911 mam
644 2831 721 2910 qood
737 2831 910 2909 congiarium
926 2832 976 2893 das
990 2831 1028 2893 de
1043 2840 1112 2910 tuo,
1128 2830 1224 2900 ali-ac
1273 2877 1274 2880 η

175 2925 270 2975 menta
285 2915 321 2975 de
336 2925 401 2993 too,
417 2933 540 2994 nequeo
554 2914 809 2992 telibericirium,
826 2925 857 2976 ut
868 2915 989 2976 leramm
1004 2915 1101 2993 catuli,
1117 2933 1182 2976 san·
1273 2955 1274 2992 q

177 2998 263 3076 gnine
283 3007 313 3058 et
334 2998 468 3070 caedibus
490 2999 660 3068 nominatum
685 3000 818 3079 qnodque
839 3002 1028 3078 gratissimum
1045 3009 1091 3061 est
1105 3001 1182 3060 acci·
1273 3014 1274 3064 l

176 3082 336 3161 pientibus,
357 3083 450 3143 sciunt
464 3081 523 3142 dari
537 3083 593 3143 sibi
607 3083 684 3162 qnod
698 3083 802 3145 nemini
817 3092 862 3145 est
879 3093 1027 3163 ereptum,
1048 3081 1182 3162 locuple·
1273 3089 1274 3152 l

177 3168 299 3246 latisque
311 3175 366 3227 tam
377 3166 471 3228 multis
484 3169 682 3246 pauperiorem
693 3185 761 3229 esse
772 3167 877 3228 iactum
888 3170 1047 3247 principem
1057 3175 1179 3235 tantum;
1273 3161 1274 3212 l

178 3268 394 3330 quemquamne
409 3252 484 3313 bunc
499 3250 621 3330 quidem.
643 3250 714 3313 Nam
731 3253 810 3314 cuius
823 3262 867 3313 est
883 3251 1020 3331 quldquid
1031 3261 1077 3312 est
1091 3251 1223 3312 omni-35

126 3358 167 3422 23
179 3351 243 3413 um,
266 3344 372 3396 tantum
390 3337 455 3416 ipse
475 3345 609 3415 quantum
631 3353 730 3397 omnes
746 3336 841 3397 babet.
884 3335 949 3397 Alio
969 3353 1014 3396 me
1028 3344 1114 3396 vocat
1128 3353 1179 3394 nu·

179 3437 291 3481 merosa
304 3419 397 3498 gloria
412 3429 472 3482 tua:
487 3420 543 3481 alio
560 3416 676 3482 autem?
691 3419 771 3498 qussi
786 3436 857 3481 vero
872 3419 927 3479 iam
942 3421 1011 3482 satis
1024 3427 1180 3482 veneratus
1273 3411 1274 3491 l

179 3505 351 3584 miratusque
362 3506 415 3566 sim
429 3505 505 3582 quod
517 3513 620 3566 tantam
632 3505 780 3582 pecuniam
791 3503 954 3584 profudisti,
965 3520 1022 3565 non
1035 3513 1066 3565 ut
1080 3503 1180 3581 flagitii
