2580 3978
134 348 137 354 ,
172 300 212 364 10
600 297 633 362 G.
655 300 752 362 PLlNl

171 473 207 517 an
222 464 254 516 ut
267 456 358 532 magis
381 473 470 534 angar
491 454 568 535 quod
584 472 641 514 non
663 452 754 515 licet?
783 453 854 515 Nam
867 454 1023 532 distringor
1036 454 1133 517 officio
1147 465 1182 516 ut

171 540 293 600 maximo
309 541 352 600 sic
362 539 578 600 molestissimo.
603 538 700 600 Sedeo
712 557 765 617 pro
781 538 931 615 tribunali,
954 539 1078 600 subnoto
1094 538 1181 600 libel·

171 622 228 702 los,
248 623 369 683 conlicio
381 621 502 700 tabulas,
517 623 614 684 scribo
627 613 762 701 plurimas
777 623 829 684 sed
842 622 1089 684 inlitteratissimas
1103 621 1181 684 litte·

132 723 227 774 [oras.
244 706 334 767 Soleo
347 723 566 785 nonnumquam
582 707 660 785 (nam
675 706 813 785 idipsum
828 706 940 786 quando
956 708 1096 785 contingit
1103 708 1127 787 l)
1141 706 1179 768 de
1220 749 1224 754 -

170 790 215 852 his
236 792 473 870 occupationibus
487 790 563 869 apud
576 790 743 869 Euphraten
759 792 850 870 queri.
869 789 923 850 llle
937 808 983 852 nnc
1001 791 1205 868 consolatur55

170 872 296 935 adfirmat
312 877 396 935 etiam
411 894 478 936 esse
492 874 565 934 hanc
578 873 779 953 philosophiae
792 883 822 934 et
834 875 948 952 quidem
960 874 1180 953 pulcherrimam

171 967 290 1035 partem,
306 976 394 1036 agere
405 960 553 1036 negotium
569 957 727 1037 publicum,
746 975 937 1036 cognoscere,
954 959 1096 1038 iudicare,
1112 975 1180 1037 pro·

170 1059 248 1101 mere
260 1051 289 1102 et
298 1060 437 1104 exercerc
448 1045 596 1120 iustitiam,
610 1060 742 1121 quaeque
754 1043 811 1122 ipsi
824 1042 945 1103 doceant
956 1044 986 1102 in
996 1060 1050 1104 usu
1061 1042 1180 1103 habere.

131 1123 241 1192 11lllihi
257 1135 350 1186 tamen
363 1125 420 1186 hoc
435 1143 521 1186 unum
540 1144 597 1186 non
618 1125 792 1205 persuadet,
814 1129 902 1187 satius
923 1145 990 1187 esse
1011 1128 1066 1188 ista
1081 1126 1180 1188 iacere

173 1226 256 1287 quarn
277 1227 341 1269 cum
360 1209 412 1270 illo
433 1210 496 1271 dics
520 1218 597 1271 totos
620 1209 761 1270 audiendo
783 1209 978 1288 discendoque
1000 1227 1181 1272 consumere.
1190 1226 1226 1279 lo

173 1291 239 1366 Quo
250 1295 340 1372 magis
353 1303 392 1370 te,
407 1295 454 1354 cui
466 1303 560 1372 vacat,
572 1293 683 1372 hortor,
696 1294 905 1355 cuminurbem
919 1295 1049 1371 proxime
1063 1296 1180 1356 veneris

173 1378 288 1456 (venias
302 1387 397 1438 autem
409 1379 446 1439 ob
462 1378 518 1438 hoc
532 1377 696 1457 maturius),
709 1378 749 1438 illi
762 1387 791 1438 te
804 1377 1005 1456 expoliendum
1016 1378 1181 1439 limandum-

132 1473 164 1526 η
174 1477 230 1538 que
246 1463 403 1539 permittas.
438 1461 541 1541 Neque
555 1463 630 1521 enim
644 1480 719 1540 ego,
738 1470 770 1522 ut
783 1461 880 1541 multi,
895 1462 1009 1524 invideo
1024 1462 1087 1524 aliis
1101 1463 1179 1524 bono

173 1561 230 1622 quo
239 1545 304 1623 ipse
312 1562 410 1624 careo,
424 1545 476 1607 sed
490 1544 711 1607 contrasensum
723 1545 862 1624 quendam
869 1545 1104 1627 voluptatemque
1113 1565 1179 1626 per-

172 1629 260 1706 cipio,
273 1629 298 1690 si
310 1646 344 1689 ea
357 1647 430 1708 quae
441 1629 508 1688 milri
518 1629 800 1707 deneganturamicis
811 1630 896 1691 video
906 1649 1074 1710 superesse.
1095 1630 1178 1692 Vale.
1189 1649 1225 1702 15

646 1762 698 1824 XI.

420 1861 447 1912 c,
464 1861 590 1914 nomios
604 1863 700 1914 onero
714 1863 807 1916 rusco
824 1864 884 1918 suo
903 1865 929 1920 S.

149 1985 163 2035 l
236 1965 309 2026 Olim
324 1965 498 2029 mihinullas
516 1967 655 2047 epistulas
669 1970 768 2032 mittis.
803 1969 881 2031 Nihil
897 1980 958 2049 est,
977 1972 1083 2052 inquis,
1101 1973 1178 2050 quod

172 2051 304 2111 scribam.
325 2050 364 2111 At
377 2051 435 2112 hoc
449 2053 543 2130 ipsum
558 2053 655 2114 scribe
670 2052 741 2114 nihil
757 2073 824 2117 esse
841 2054 919 2135 quod
934 2057 1055 2134 scribas,
1070 2055 1118 2116 vel
1131 2073 1225 2127 so-20

170 2134 229 2195 lum
247 2134 319 2196 illud
337 2135 411 2197 unde
432 2136 562 2214 incipere
579 2138 691 2215 priores
708 2138 839 2201 solebant
854 2142 892 2202 ‘si
906 2139 1003 2219 vales,
1026 2139 1101 2200 bene
1116 2149 1177 2210 est;

172 2237 230 2297 ego
244 2219 351 2280 valeo?
374 2219 437 2281 lloc
451 2221 519 2282 milri
534 2221 655 2290 suflicit:
670 2231 716 2283 est
730 2225 805 2284 enim
818 2226 977 2284 maximum.
1005 2222 1117 2285 Ludere
1131 2241 1178 2285 me

147 2300 278 2380 spatas?
300 2304 378 2363 serio
400 2313 480 2382 peto.
516 2303 572 2365 Fac
587 2307 675 2366 sciam
690 2306 759 2384 quid
772 2324 853 2387 agas,
870 2308 947 2387 quod
962 2309 1023 2370 sine
1039 2307 1178 2368 sollicitu-

172 2385 238 2446 dine
253 2403 360 2447 summa
374 2389 489 2448 nescire
504 2405 562 2448 non
575 2405 702 2467 possum.
732 2389 815 2450 Vale.

641 2521 707 2584 ΧΗ.
722 2516 744 2552 ‘
763 2561 766 2567 ·

357 2619 384 2673 o.
405 2591 531 2672 nmmos
552 2620 732 2674 cannarum
751 2622 942 2678 rrnomsoo
960 2625 988 2679 s.
1032 2653 1037 2661 ·

148 2735 163 2786 1
237 2717 376 2780 lecturam
391 2721 587 2799 gravissimam
601 2722 670 2801 leci,
688 2725 712 2785 si
731 2726 839 2786 iactura
855 2723 975 2787 dicenda
987 2735 1033 2788 est
1043 2727 1112 2787 tanti
1122 2727 1178 2788 viri

171 2804 298 2865 emissio.
333 2803 470 2866 Decessit
489 2803 634 2886 Corellius
649 2807 760 2886 liuius,
779 2809 939 2887 etquidem
955 2818 1077 2889 sponte,
1101 2810 1179 2890 qnod

171 2887 302 2949 dolorem
315 2905 410 2948 meum
421 2888 578 2950 exulcerat.
592 2890 646 2953 Est
658 2893 732 2952 enim
743 2892 988 2955 luctuosissimum
999 2911 1093 2972 genus
1103 2905 1224 2960 mor-30

147 2972 210 3038 ntis
225 2989 298 3050 quae
319 2989 376 3032 non
392 2991 428 3032 ex
442 2982 540 3035 natura
553 2993 609 3035 nec
627 2975 721 3038 fatalis
735 2977 858 3038 videtur.
891 2975 963 3037 Nam
976 2986 1131 3056 utcumque
1149 2980 1179 3038 in
1207 3017 1232 3031 f

172 3054 290 3134 illisqui
305 3056 406 3116 morbo
423 3057 556 3118 liniuntur
568 3077 699 3138 magnum
714 3079 751 3121 ex
766 3062 829 3140 ipsa
845 3062 1021 3124 necessitate
1038 3061 1179 3124 solacium

173 3148 234 3217 est,
254 3141 284 3199 in
304 3141 341 3201 ils
359 3158 431 3201 vero
446 3159 518 3220 quos
534 3145 672 3206 arcessita
685 3162 763 3207 mors
777 3145 870 3206 aufert
883 3143 932 3204 lnic
946 3145 1111 3208 insanabilis
1126 3144 1178 3206 do·

149 3222 219 3288 dlor
234 3231 296 3301 est,
319 3223 396 3302 quod
416 3225 570 3287 creduntur
584 3231 716 3307 potuisse
734 3229 783 3291 diu
796 3230 905 3290 vivere.
941 3227 1100 3290 Corellium
1115 3231 1177 3309 qui-

172 3307 237 3367 dem
252 3323 359 3369 summa
372 3309 455 3387 ratio,
471 3329 544 3390 quae
555 3314 733 3391 sapientibus
743 3330 796 3392 pro
808 3318 984 3376 necessitate
996 3324 1052 3393 est,
1071 3313 1106 3375 ad
1120 3313 1222 3378 hocas

173 3389 324 3452 consilinm
335 3394 484 3474 compulit,
501 3414 668 3475 quamquam
684 3397 819 3476 plurimas
830 3397 944 3460 vivendi
957 3417 1057 3461 causas
1070 3399 1177 3459 haben·

170 3484 240 3553 tem,
257 3475 391 3554 optimam
406 3480 622 3559 conscientiam,
640 3483 774 3560 optimam
790 3480 900 3560 lamam,
917 3484 1063 3543 maximam
1078 3491 1176 3544 aucto·

170 3559 299 3639 ritatem,
315 3571 464 3638 praeterea
484 3561 568 3624 liliam
588 3581 708 3624 uxorem
728 3574 866 3644 nepotem
888 3583 1021 3645 sorores,
1044 3568 1177 3646 interque

1187 2487 1225 2539 25

1165 3827 1179 3860 P
