2604 3972
168 243 229 309 192
592 239 626 302 c.
647 238 745 302 PblNl

167 394 295 473 signiter.
315 393 399 468 Quod
412 394 523 454 intuens
536 409 592 471 ego
603 394 689 452 variis
701 408 747 451 ma
756 391 911 454 studiorum
924 391 1089 468 generibus,
1102 385 1173 452 nulli

140 479 237 546 osatis
254 478 389 554 conlisus,
406 480 547 557 experior.
577 474 699 535 Proinde
716 493 780 536 eum
794 476 850 536 boe
864 473 912 535 vel
926 474 996 535 illud
1011 476 1111 552 leges,
1135 477 1174 537 ita

168 559 287 639 siugulis
307 562 417 622 veniam
437 569 468 621 ut
487 578 544 621 uon
564 559 683 637 singulis
699 558 787 619 dabis.
817 558 863 619 An
878 560 984 620 eeteris
998 559 1105 620 artibus
1121 578 1172 620 ex·

168 646 278 706 ousatio
292 645 463 722 innumero,
478 643 580 705 litteris
596 643 693 704 durior
706 642 766 719 lex,
781 643 810 703 iu
826 643 928 721 quibus
943 641 1085 703 diffieilior
1100 642 1171 704 elle·

168 739 231 790 etue
252 725 317 788 esti
344 727 418 802 Quid
439 736 531 788 antem
551 743 607 804 ego
627 726 664 788 de
684 728 768 787 venia
788 727 869 805 qnasi
888 722 1034 803 ingratus?
1061 724 1133 785 llam
1147 727 1198 802 si5

167 830 201 873 ea
223 811 358 872 facilitate
379 813 507 892 proxima
524 812 675 889 aoeeperis
697 827 752 889 qua
771 812 883 889 priora,
905 808 967 870 laus
987 810 1083 890 potius
1104 827 1171 888 spe·

166 895 252 956 randa
273 913 355 974 quam
374 897 457 956 vania
478 893 654 956 obsecranda
674 902 728 958 est.
762 892 830 954 Mihi
851 904 944 955 tamen
958 895 1041 954 venia
1055 892 1170 956 suffieit.

165 978 245 1040 Vale.

625 1109 715 1171 XXX.

448 1211 474 1264 G.
495 1209 620 1263 PLINIUS
640 1209 761 1262 GEMINO
781 1208 841 1261 SUO
860 1209 887 1264 S.

143 1331 157 1382 1
228 1313 336 1376 Laudas
356 1314 423 1374 mihi
444 1322 473 1373 st
493 1314 659 1394 frequenter
680 1330 818 1392 praesens
834 1321 863 1374 et
876 1329 951 1374 nune
964 1329 1018 1392 per
1033 1310 1173 1390 epistulas

168 1397 290 1459 Nonium
311 1407 407 1476 tuum,
430 1397 506 1477 qnod
528 1400 565 1458 sit
585 1397 712 1459 liberalis
733 1397 762 1456 in
777 1395 929 1475 quosdam:
953 1404 982 1457 et
996 1397 1061 1475 ipsa
1075 1395 1172 1472 lando,

168 1483 192 1543 si
206 1491 300 1542 tamen
314 1498 371 1540 nou
386 1482 414 1540 in
428 1483 482 1542 bos
497 1481 588 1542 solos.
610 1481 686 1542 Volo
701 1481 774 1541 enim
792 1497 856 1540 eum
872 1481 919 1559 qui
934 1481 971 1540 sit
984 1497 1054 1540 vere
1068 1479 1175 1540 libera·

167 1565 203 1625 lis
218 1565 343 1625 tribuere
357 1566 482 1642 patriae,
498 1566 683 1644 propinquis,
698 1563 853 1642 adfinibus,
869 1564 983 1640 amieis,
1006 1561 1058 1625 sed
1075 1565 1175 1625 amieis
1186 1571 1215 1626 15

169 1648 234 1710 dieo
249 1647 440 1727 pauperibus,
456 1665 512 1708 non
528 1656 559 1708 ut
573 1648 620 1707 isti
637 1647 685 1727 qui
699 1647 733 1705 iis
748 1649 925 1727 potissimum
937 1647 1041 1708 donant
1057 1649 1106 1726 qui
1123 1647 1176 1708 do·

143 1747 236 1798 auare
252 1733 370 1793 maxime
382 1739 511 1810 possunt.
539 1730 599 1790 llos
615 1747 671 1808 ego
686 1731 803 1792 visnaus
818 1731 993 1811 hamatisque
1008 1731 1175 1792 muneribus

169 1833 225 1877 non
246 1833 297 1877 sna
316 1831 447 1893 promere
467 1823 537 1894 puto
554 1814 606 1875 sed
621 1814 711 1875 aliena
727 1816 885 1894 corripere.
919 1814 991 1876 Sunt
1004 1816 1120 1894 ingenio
1136 1817 1175 1876 si·

169 1899 227 1960 mili
243 1899 290 1978 qui
306 1898 382 1978 quod
400 1898 466 1958 huic
482 1897 585 1960 donant
605 1897 736 1962 auserunt
756 1897 797 1959 illi
818 1899 975 1978 famamque
995 1898 1175 1960 liberalitatis

143 1985 283 2049 3avaritia
301 1992 410 2062 petunt.
441 1981 562 2042 Primum
577 1991 623 2044 est
637 1992 731 2044 autem
745 2000 797 2043 sno
814 2000 881 2044 asse
897 1992 1078 2061 contentum,
1095 1982 1217 2048 dein-ao

170 2067 223 2147 de,
246 2085 318 2146 quos
339 2068 495 2147 praecipua
518 2068 593 2128 selas
607 2065 736 2144 indigere
752 2075 956 2128 sustentantem
970 2067 1176 2146 foventemque

170 2151 241 2212 orba
260 2150 381 2231 quodam
401 2151 546 2212 societatis
562 2151 677 2211 ambire.
709 2149 790 2223 Quae
802 2159 905 2211 anneta
918 2151 943 2209 si
962 2151 1030 2212 lauit
1043 2151 1112 2228 iste,
1127 2169 1176 2212 us·

171 2253 341 2314 quequaque
356 2233 510 2295 landandus
526 2243 584 2304 est;
601 2235 721 2293 sianum
736 2233 853 2313 aliquid,
869 2235 960 2294 minus
975 2233 1099 2313 quidem,
1115 2233 1177 2294 lau·
1282 2291 1283 2310 ,

143 2318 276 2382 edendus
292 2327 393 2377 amen.
426 2316 493 2377 'l'am
515 2335 608 2377 rarum
629 2326 673 2378 est
695 2318 778 2378 etiam
799 2317 977 2397 inperleetae
997 2316 1176 2379 liberalitatis

170 2399 325 2478 exemplar.
348 2399 390 2459 Ea
406 2400 509 2460 invasit
522 2400 651 2460 homines
666 2399 787 2461 babeudi
804 2401 907 2479 eupido
923 2411 953 2463 ut
963 2401 1106 2481 possideri
1117 2407 1217 2464 maii

169 2484 215 2562 gis
230 2500 313 2562 quarn
326 2482 476 2561 possidere
487 2481 643 2542 videantur.
676 2480 756 2542 Vale.

618 2612 723 2674 xxxi.

459 2714 485 2765 o.
503 2714 631 2768 PLiltitJS
647 2715 756 2767 sunno
776 2715 835 2767 suo
852 2711 877 2765 S.

146 2830 160 2880 1
236 2817 388 2897 Postquam
407 2837 423 2880 a
444 2830 474 2880 te
494 2819 622 2897 recessi,
648 2835 706 2879 non
726 2819 816 2880 minus
837 2829 932 2880 teonm
952 2836 1034 2899 quam
1056 2837 1120 2879 eum
1139 2820 1219 2887 adao

171 2913 200 2963 te
216 2900 265 2961 lui.
288 2901 359 2979 Legi
375 2904 449 2961 enim
463 2901 564 2963 librum
578 2911 673 2981 tuum,
686 2901 839 2965 identidem
852 2911 989 2981 repetens
1006 2921 1040 2962 ea
1054 2905 1177 2966 maxime

173 2985 336 3064 (nonenim
350 2986 483 3064 mentiar)
507 3002 580 3063 quae
599 2985 634 3045 de
649 3003 695 3046 ma
713 2987 862 3064 scripsisti.
889 2985 921 3046 ln
944 2987 1045 3064 quibus
1062 2987 1177 3067 quidem
1280 3001 1281 3004 ’

1181 1160 1214 1214 1⁰

171 3069 364 3148 percopiosus
379 3067 467 3128 inisti.
488 3066 578 3140 Quam
591 3068 688 3147 multa,
706 3088 787 3151 quam
801 3071 887 3148 varia,
906 3087 988 3149 quam
1002 3088 1059 3131 non
1076 3071 1178 3132 eadem

145 3152 208 3214 ade
220 3151 323 3212 eodem
337 3168 392 3210 neo
407 3159 499 3212 tamen
514 3151 627 3214 diversa
642 3153 749 3214 dixisti!
767 3153 889 3215 Laudem
904 3155 1011 3232 pariter
1026 3163 1056 3215 et
1070 3157 1177 3232 gratias

170 3231 273 3313 agam?
288 3234 425 3297 Neutrum
440 3235 508 3297 satis
523 3253 653 3316 possum,
670 3246 699 3297 et
713 3239 737 3298 si
752 3255 884 3317 possam,
900 3240 1030 3299 timerem
1044 3256 1082 3298 ne
1097 3245 1219 3300 arro-35

172 3337 242 3399 gans
266 3328 345 3381 esset
359 3320 396 3381 ob
411 3338 445 3381 ea
462 3319 576 3382 laudare
591 3322 628 3382 ob
647 3339 719 3401 quae
734 3323 838 3400 gratias
853 3339 977 3400 agerem.
1000 3321 1093 3382 Unum
1106 3321 1179 3384 illud
1279 3339 1280 3359 ι

172 3402 286 3481 addam,
303 3405 394 3463 omnia
407 3403 474 3463 mibi
493 3413 570 3464 tanto
586 3404 771 3467 laudabiliora
790 3408 852 3468 uisa
874 3416 979 3489 quanto
996 3405 1177 3485 iueundiora,

173 3495 202 3548 et
217 3494 296 3549 tanto.
308 3487 474 3549 iucundiora
489 3498 592 3567 quomo
608 3488 792 3550 laudabiliora
809 3501 896 3552 erant.
927 3489 1008 3552 Vale.
