2604 3972
167 247 227 310 180
590 245 623 307 G.
647 245 742 308 PLINI

166 417 257 479 equos
274 409 302 460 et
318 418 404 460 canes
424 409 544 462 emeret.
573 398 645 460 lluic
667 416 724 478 ego
744 401 846 459 iurene
869 397 1000 476 digresso
1022 399 1106 460 ‘heus
1125 408 1168 477 tu,

164 501 349 563 numquamne
366 483 461 544 fecisti
479 482 555 562 quod
568 501 585 542 a
598 491 680 562 patre
694 484 799 562 corripi
814 479 936 561 posset?
956 482 1062 560 fecisti,
1080 480 1168 544 dico?

164 585 222 627 non
236 567 375 628 interdum
393 566 464 628 facis
485 565 560 645 quod
578 566 651 627 filius
671 576 754 643 tuus,
778 568 802 626 si
817 575 937 644 repente
952 576 1033 645 pater
1046 565 1115 645 ille,
1137 576 1168 627 tu

165 650 250 729 iilius,
271 653 332 729 pari
350 652 488 728 gravitate
503 647 713 729 reprehendat?
734 648 798 710 Nou
813 666 911 709 omnes
925 648 1055 711 homines
1069 650 1167 729 aliquo

166 751 264 796 errore
283 730 442 795 ducuntur?
458 751 514 793 non
529 733 576 793 lric
589 734 617 793 in
631 732 681 792 illo
697 734 769 811 sibi,
790 734 818 792 iu
839 732 896 792 hcc
910 731 983 796 alius
997 730 1191 812 indulgett’e

139 815 243 879 illaec
259 820 309 879 tibi
324 817 484 879 admonitus
501 818 658 877 inmodicae
673 819 833 878 severitatis
855 816 987 896 exemplo
1002 835 1055 897 pro
1070 835 1169 879 umore

164 911 261 962 mutuo
278 904 398 981 scripsi,
423 919 460 962 ne
477 901 587 980 quaudo
604 909 633 960 tu
649 917 763 979 quoque
780 899 865 960 flium
880 908 957 960 tuum
970 901 1102 963 acerbius
1118 901 1168 962 du·

165 987 281 1064 riusquc
300 994 447 1046 tractares.
478 983 579 1063 Cogita
598 992 628 1044 et·
647 982 725 1044 illurn
746 1000 865 1062 puerum
885 1000 952 1044 esse
974 995 1002 1046 et
1019 996 1049 1047 te
1064 985 1166 1063 fuisse,

165 1069 257 1148 adque
271 1070 310 1129 ita
327 1069 383 1129 lroc
405 1068 480 1148 quod
501 1087 534 1129 es
556 1077 637 1148 pater
653 1076 734 1127 utere
759 1076 789 1127 ut
806 1069 968 1129 memineris
983 1077 1011 1128 et
1025 1068 1168 1130 hominem

166 1171 233 1214 esse
245 1161 274 1214 te
289 1161 318 1214 et
329 1152 448 1213 hominis
462 1161 580 1231 patrem.
610 1149 691 1210 Vale.
1177 1165 1209 1218 10

631 1282 710 1344 XIII.

426 1385 453 1435 G.
469 1383 594 1436 PLINIUS
610 1383 786 1444 conuento
803 1382 864 1434 SUO
881 1380 907 1432 S.

142 1495 156 1547 1
229 1484 338 1558 Quanto
359 1483 512 1546 studiosius
527 1487 720 1563 intentiusque
736 1484 833 1561 legisti
853 1482 943 1544 libros
957 1498 1030 1562 quos
1045 1482 1082 1543 de
1100 1479 1168 1543 llel·

166 1567 222 1628 ridi
233 1567 341 1627 ultione
358 1570 522 1646 composui,
544 1577 621 1628 tanto
633 1570 789 1647 impensius
803 1565 931 1646 postulas
946 1575 975 1626 ut
990 1567 1168 1645 perscribam
1179 1574 1210 1626 15

167 1651 217 1712 tibi
242 1667 314 1730 quae
337 1660 417 1711 extra
435 1650 523 1712 libros
550 1669 681 1730 quaeque
706 1653 782 1714 circa
803 1651 908 1727 libros,
935 1659 1024 1710 totum
1045 1649 1168 1729 denique

140 1734 292 1797 lordiuem
312 1735 371 1812 rei,
405 1735 451 1795 cui
470 1752 524 1813 per
546 1743 668 1798 aetatem
692 1752 749 1794 nou
776 1733 937 1795 interfuisti.
974 1732 1082 1794 Occiso
1110 1732 1168 1795 Do·

166 1820 279 1878 miliano
296 1819 381 1878 statui
396 1835 507 1878 mecum
520 1835 555 1878 ac
567 1817 721 1879 deliberavi
737 1835 805 1880 esse
820 1835 948 1896 magnum
963 1815 1168 1896 pulchramque

83 1947 84 1952 η
166 1901 309 1962 materiam
323 1902 480 1963 insectandi
495 1911 651 1979 nocentes,
679 1903 800 1964 miseros
814 1900 988 1978 vindicandi,
1015 1917 1047 1961 se
1070 1900 1168 1978 profe-

166 1985 255 2047 rendi.
284 1984 373 2046 l'crro
393 1987 467 2048 inter
479 1986 565 2047 multa
579 1985 692 2048 scelera
704 1985 853 2047 multorum
867 1982 974 2044 nullum
990 1985 1114 2044 atrocius
1127 1985 1167 2044 vi·
1176 1995 1211 2048 20

166 2069 285 2131 debatur
306 2087 388 2148 quam
403 2069 478 2149 quod
497 2072 525 2131 in
537 2079 637 2132 senatu
650 2079 766 2132 senator
777 2069 912 2146 senatori,
927 2069 1086 2147 praetorius
1101 2085 1169 2128 con·

167 2153 269 2231 sulari,
294 2171 346 2213 reo
365 2154 452 2214 iudex
467 2173 564 2216 manus
587 2153 736 2215 intulisset.
771 2152 873 2213 Fuerat
895 2151 1000 2231 alioqui
1021 2151 1089 2211 milri
1105 2169 1170 2210 cum

167 2235 298 2297 Helvidio
313 2239 450 2315 amicitia,
467 2248 569 2316 manta
580 2245 714 2316 potuerat
729 2255 795 2298 csse
811 2253 875 2297 cum
890 2252 926 2296 eo
942 2236 991 2314 qui
1006 2244 1082 2296 metu
1099 2244 1169 2295 tem·

140 2329 266 2399 3porum
281 2337 384 2380 nomen
399 2322 502 2397 ingens
517 2339 659 2401 paresque
670 2323 790 2381 virtutes
802 2337 923 2382 secessu
933 2319 1061 2396 tegebat,
1076 2318 1169 2378 fuerat

168 2420 231 2464 cum
244 2403 329 2463 Arria
349 2412 379 2463 et
399 2403 518 2481 Fannia,
540 2422 655 2483 quarum
677 2404 766 2464 altera
785 2401 897 2464 llelvidi
917 2419 1058 2480 noverca,
1079 2401 1212 2462 dromas

167 2495 257 2547 mater
270 2504 422 2548 novercae.
456 2486 515 2546 Sed
532 2503 588 2547 non
605 2489 643 2546 ita
659 2504 705 2547 me
725 2488 784 2547 iura
798 2489 906 2566 privata
920 2495 951 2547 ut
964 2483 1110 2566 publicum
1126 2485 1169 2547 fas

142 2579 198 2632 iet
211 2569 362 2648 indignitas
375 2569 442 2632 facti
457 2579 486 2631 et
498 2569 623 2648 exempli
636 2572 708 2631 ratio
722 2571 863 2635 incitabat.
886 2571 932 2632 Ac
947 2570 1044 2649 primis
1055 2569 1169 2647 quidem

168 2653 269 2715 diebus
285 2652 413 2715 redditae
432 2653 571 2715 libertatis
593 2670 645 2732 pro
661 2671 693 2714 sc
709 2655 829 2734 quisquc
843 2655 973 2715 inimicos
989 2669 1074 2730 suos,
1090 2652 1169 2712 dum·

168 2746 242 2799 taxat
256 2740 398 2817 minores,
416 2737 560 2800 incondito
572 2737 742 2817 turbidoque
759 2737 884 2798 clamore
902 2734 1115 2817 postulaverant
1131 2737 1168 2798 si·

167 2821 224 2881 mul
240 2830 269 2881 et
284 2830 497 2900 oppresserant.
519 2820 584 2898 ligo
602 2831 632 2882 et
646 2822 802 2883 modestius
817 2829 846 2882 et
863 2823 1037 2884 constantius
1051 2820 1214 2883 mnium-eo

167 2911 213 2964 tus
234 2905 458 2965 immanissimum
479 2921 558 2964 reum
571 2920 628 2964 uon
644 2906 782 2965 communi
799 2913 957 2985 tempomm
971 2903 1090 2980 invidia,
1115 2905 1169 2967 sed

167 2987 284 3065 proprio
304 2988 419 3047 criodne
440 3004 582 3065 urguere,
606 3003 669 3048 cum
689 2989 743 3048 iam
762 2990 830 3051 satis
847 2990 953 3068 primus
975 2987 1024 3050 ille
1045 2989 1168 3066 impetus

167 3068 368 3130 defremuisset
390 3079 419 3130 et
443 3069 601 3148 languidior
622 3071 652 3130 in
680 3070 742 3132 dies
767 3073 808 3133 ira
827 3071 862 3132 ad
881 3073 1014 3133 iustitiam
1033 3071 1168 3148 redisset,

168 3171 334 3233 quamquam
348 3163 406 3214 tum
422 3155 542 3214 maxime
562 3155 651 3216 tristis
668 3156 770 3218 amissa
788 3173 879 3235 nuper
900 3173 1009 3233 uxore,
1032 3156 1113 3214 mitto
1132 3155 1169 3215 ad

167 3235 296 3297 Anteiam
311 3238 411 3317 (nupta
426 3236 497 3298 lraec
512 3233 643 3299 llelvidio
654 3238 773 3318 fuerat),
789 3256 862 3317 rogo
876 3246 906 3299 ut
921 3240 1025 3317 veniat,
1042 3240 1107 3317 quia
1122 3257 1168 3298 me
1177 3247 1213 3304 3⁵

141 3327 270 3381 trecens
290 3320 382 3382 adhuc
399 3320 493 3383 luctus
509 3321 606 3382 limine
629 3323 795 3383 contineret.
828 3321 865 3384 Ut
880 3324 969 3400 venit,
985 3322 1169 3384 ‘destinatum

168 3407 225 3466 est'
240 3406 352 3484 inquam
366 3405 445 3464 ‘milri
461 3407 588 3466 maritum
601 3414 678 3466 tuum
694 3423 750 3468 non
768 3404 884 3466 inultum
899 3408 964 3484 pati.
998 3403 1100 3466 Nuntia
1111 3406 1167 3465 Ar·

167 3489 226 3550 riae
244 3497 274 3549 ct
294 3487 427 3551 Faunine'
449 3488 499 3567 (ab
517 3489 602 3551 exilio
623 3490 793 3568 redierant):
821 3488 954 3552 ‘consule
977 3497 1023 3568 te,
1047 3487 1168 3551 consule
