2604 3972
190 253 250 316 172
609 251 642 313 0.
664 251 762 313 PLINI

188 414 219 466 ut
239 407 330 466 omnia
350 404 514 481 emendem,
540 403 617 484 quod
635 405 803 482 contingere
819 419 876 463 nou
893 411 989 480 potest
1005 402 1099 464 electa
1120 405 1196 464 reei-

164 488 322 551 stantibus.
340 489 387 549 Ad
401 488 471 549 illud
487 487 645 549 modestius
659 497 690 548 et
702 489 825 548 fortasse
841 487 1029 547 reverentius.
1061 485 1120 546 Sed
1135 487 1196 548 hoc
1281 461 1282 556 d

190 572 347 651 simplicius
368 581 397 633 et
417 573 564 632 amantius.
592 571 674 632 nnat
696 573 771 632 enirn
793 572 840 649 qui
856 589 889 632 se
904 571 948 632 sie
962 570 1047 630 amari
1061 578 1141 649 putat
1163 581 1196 631 ut
1281 569 1282 616 ἒ

190 655 313 716 taedium
327 673 384 716 non
396 655 593 733 pertimescat:
616 664 645 716 et
659 654 765 734 alioqui
779 653 846 733 quid
861 663 1005 732 praestant
1019 652 1145 731 sodalis,
1169 657 1195 716 si

191 741 362 800 conueniunt
378 737 532 817 voluptatis
552 756 621 798 suae
638 735 744 799 causa?
764 737 911 799 Delicatus
925 754 960 797 ac
977 735 1076 798 similis
1091 737 1219 814 ignot05

165 831 237 886 dest
254 822 302 901 qui
320 823 403 882 amici
418 821 521 883 librum
541 821 646 882 bonum
665 821 769 882 mavult
782 821 879 883 audire
894 837 976 900 quam
990 820 1096 880 lacere.
1129 819 1195 882 Non

189 905 287 967 dubito
303 923 410 986 cupere
427 915 457 966 te
472 923 524 984 pro
540 914 638 967 cetera
649 905 705 964 mei
721 905 838 966 caritate
853 921 935 984 quam
949 904 1136 966 maturissime
1151 905 1194 967 le·

189 1007 260 1067 gere
280 990 356 1050 huuc
377 989 469 1050 adbuc
490 998 631 1051 musteum
646 987 756 1048 librum.
790 987 904 1066 Leges,
929 986 982 1048 sed
994 996 1193 1058 retractatum

189 1090 263 1150 quae
280 1089 364 1133 causa
378 1072 515 1134 recitandi
530 1072 597 1140 fnit;
616 1080 645 1132 et
660 1081 753 1133 tamen
769 1089 826 1132 non
843 1070 920 1132 nulla
934 1072 988 1131 iarn
1002 1089 1040 1132 ex
1055 1089 1092 1133 eo
1106 1074 1194 1134 nosti.

189 1155 269 1216 llaec
278 1156 424 1217 emendata
437 1165 540 1235 postea
550 1155 610 1234 vel,
626 1154 703 1234 quod
717 1154 857 1217 interdum
868 1155 1000 1232 longiore
1013 1155 1233 1235 morasolet,1o

189 1238 331 1301 deteriora
345 1240 419 1301 laeta
435 1242 514 1318 quasi
529 1256 602 1300 nova
616 1257 714 1301 rursus
726 1246 756 1300 et
772 1239 913 1319 rescripta
928 1254 1098 1317 cognosces.
1121 1237 1194 1300 Nam

190 1323 336 1404 plerisque
347 1325 459 1387 mutatis
472 1342 506 1385 ea
519 1338 633 1404 quoque
642 1331 745 1384 mutata
754 1322 884 1383 ridentur
893 1339 965 1402 quae
974 1332 1096 1383 manent.
1109 1323 1192 1386 Vale.

712 1452 734 1512 L
1281 1491 1282 1500 ι

473 1551 501 1605 o.
521 1453 787 1604 pnurusxdduno
803 1551 865 1604 suo
881 1550 908 1602 e.
1202 1581 1231 1635 ,5

166 1665 180 1716 l
252 1651 371 1712 Nostine
388 1652 442 1712 bos
464 1653 511 1730 qui
527 1655 648 1713 omnium
664 1653 808 1714 libidinum
829 1653 905 1714 servi
926 1653 969 1714 sic
983 1653 1102 1713 aliorum
1116 1654 1193 1716 vitiis

191 1738 349 1797 irascuntur
370 1736 449 1814 quasi
462 1734 603 1796 invideant
624 1746 653 1796 et
672 1739 839 1815 grauissime
854 1738 973 1815 puniunt
987 1754 1058 1815 quos
1073 1739 1193 1799 maxime
1281 1805 1282 1812 χ

191 1815 350 1880 imitantur?
370 1835 433 1877 cum
450 1836 502 1878 eos
517 1820 600 1880 etiam
614 1822 661 1899 qui
675 1836 731 1880 non
747 1820 874 1898 indigent
888 1820 1038 1881 clementia
1052 1820 1137 1882 ullius
1152 1821 1192 1881 ni·

166 1903 231 1966 nhil
244 1904 334 1980 magis
349 1920 430 1982 quarn
444 1901 545 1964 leuitas
563 1903 673 1964 deceat.
704 1904 799 1982 Atque
821 1921 878 1981 ego
900 1904 1033 1983 optimum
1053 1912 1083 1964 et
1097 1921 1193 1965 emen·

193 1987 367 2049 (latissimum
381 1987 511 2048 existimo
529 1989 576 2066 qui
595 1989 701 2050 ceteris
714 1989 752 2048 ita
769 1989 892 2065 ignoscit
906 1997 1045 2067 tamquam
1064 1988 1129 2065 ipse
1145 2003 1231 2055 cono

191 2071 258 2134 tidie
277 2079 400 2149 peccet,
420 2070 459 2131 ita
480 2073 608 2149 peccatis
625 2072 749 2133 abstinet
768 2081 907 2151 tamquam
927 2070 1030 2131 nemini
1051 2071 1192 2148 ignoscat.

164 2154 312 2218 3Proinde
327 2154 384 2214 boc
397 2153 490 2232 domi,
505 2154 560 2216 boc
574 2156 661 2234 loris,
683 2155 781 2216 hocin
797 2155 871 2215 omni
882 2155 958 2216 vitae
972 2172 1081 2232 genere
1095 2165 1191 2217 tenea·

191 2256 270 2316 mus,
296 2247 327 2298 ut
347 2237 430 2299 nobis
450 2237 636 2317 inplacabiles
653 2241 756 2316 simus,
780 2237 942 2300 exorabiles
962 2240 1024 2300 istis
1045 2238 1131 2298 etiam
1146 2241 1191 2319 qni
1281 2245 1282 2310 i

192 2322 259 2382 dare
273 2323 384 2380 reniam
398 2322 453 2382 nisi
468 2322 523 2382 sibi
538 2324 686 2400 nesciunt,
711 2322 932 2400 mandemusque
948 2322 1101 2382 memoriae
1117 2322 1192 2402 quod
1281 2315 1282 2396 i

190 2406 234 2464 vir
247 2403 410 2464 mitissimus
425 2411 454 2463 et
465 2403 501 2463 ob
517 2403 575 2465 boc
589 2423 703 2483 quoque
717 2407 870 2483 maximus,
883 2405 1019 2483 Thrasea,
1034 2406 1138 2467 crebro
1153 2406 1231 2476 cli-ss
1281 2399 1282 2476 ᾗ

191 2504 259 2548 cere
274 2485 396 2562 solebat,
411 2488 471 2564 ‘qui
487 2487 553 2548 vitia
568 2487 644 2566 odit,
664 2487 793 2548 homines
814 2489 896 2550 odit!
927 2488 1048 2562 Quaeris
1069 2488 1191 2552 fortasse
1281 2495 1282 2588 p

164 2581 247 2651 tquo
263 2577 420 2631 commotus
433 2569 507 2630 baec
521 2572 652 2632 scribam.
675 2570 774 2651 Nuper
788 2573 898 2651 quidam
909 2603 952 2620 -·
965 2572 1018 2634 sed
1029 2571 1131 2635 melius
1144 2591 1191 2634 co·
1281 2615 1282 2646 ,

190 2674 263 2726 ram;
286 2670 453 2734 quamquam
465 2672 502 2714 ne
514 2664 580 2716 tunc
595 2656 716 2734 quidem.
749 2655 861 2716 Vereor
875 2658 949 2717 enim
963 2675 1000 2716 ne
1015 2654 1044 2716 id
1060 2656 1138 2736 quod
1152 2658 1191 2718 in·

191 2740 282 2820 probo
300 2738 434 2801 insectari
455 2755 573 2817 carpere
588 2739 650 2802 iere
664 2740 729 2800 buic
748 2740 824 2818 quod
841 2758 905 2800 cum
918 2741 1038 2802 muime
1051 2741 1191 2820 praecipi·

190 2825 254 2884 musi
268 2829 420 2901 repugnet.
453 2820 589 2902 Quisquis
610 2823 677 2902 ille,
702 2823 933 2903 qualiscumque,
956 2823 1091 2901 sileatur,
1109 2842 1231 2903 quemao
1281 2897 1282 2908 χ

191 2905 464 3047 insignirelexempli
478 2905 558 2983 nibil,
573 2923 629 2967 non
642 2908 777 2985 insignire
792 2907 967 2971 humanitatis
983 2906 1133 2986 plurimum
1147 2926 1192 2969 re·

192 2989 258 3050 lert.
288 2988 329 3048 Va
343 3007 369 3047 e.
1281 3001 1282 3010 ¹

639 3121 745 3184 xxttt.

436 3219 463 3274 c.
480 3222 604 3273 astutos
619 3223 824 3276 nnnosnnno
842 3223 903 3275 suo
920 3222 946 3278 S.

167 3337 182 3388 t
252 3325 350 3386 Omnia
363 3326 429 3385 mibi
441 3326 542 3403 studia,
556 3344 654 3388 omnes
668 3346 761 3405 curas,
778 3328 870 3388 omnia
880 3337 1064 3389 avocamenta
1075 3331 1192 3407 exemit,

191 3412 330 3488 excussit,
349 3411 452 3489 eripuit
466 3410 559 3488 dolor,
575 3429 659 3491 quern
674 3429 711 3472 ex
725 3420 817 3472 morte
830 3411 891 3472 luni
906 3412 984 3472 Aviti
997 3412 1193 3490 moussiacum

162 3495 263 3575 tcepi.
283 3492 380 3554 Latum
395 3492 505 3554 clauum
518 3496 546 3554 in
562 3493 646 3555 domo
657 3512 720 3556 mea
730 3495 873 3556 indueret:
891 3495 1026 3573 suffragio
1038 3513 1104 3558 meo
1116 3496 1191 3558 adiu·

1199 3259 1231 3316 35
