2580 3970
399 269 664 335 Plunomtctts
679 280 722 335 34.
735 281 779 336 35.
793 281 837 336 36.
1052 271 1115 335 250

108 427 257 505 iratosque
274 423 379 510 ductus
395 428 494 506 sequi,
522 423 718 506 quoscumque
738 427 766 485 in
781 423 920 503 scopulos
935 423 1113 488 detulissent.

108 509 225 571 lnrahat
239 519 428 589 prospectare
442 510 534 570 statim
549 527 565 570 a
577 518 661 587 portu
674 527 773 589 sparsa
787 509 899 586 navigia
911 517 941 568 ct
955 507 1031 588 apud
1045 509 1116 570 illud

107 597 201 672 ipsum
216 611 294 654 mare
309 611 395 672 agere
410 593 531 672 principi
546 595 666 672 gratias,
684 595 734 672 qui
746 591 897 654 clementia
913 609 965 652 sua
979 591 1058 653 salva
1073 592 1116 654 ul·

107 679 215 740 tionem
230 677 373 738 hominum
388 687 587 756 terrarumque
600 676 653 737 dlis
667 678 752 738 maris
765 675 1003 738 commendasset.
1022 676 1115 750 Quen·

80 763 165 823 ctum
176 761 325 823 diversitas
338 771 498 839 temporum
508 770 610 840 posset
622 769 680 821 tum
690 763 809 822 maxime
822 762 966 839 cognitum
979 770 1034 837 est,
1052 777 1115 819 cnm

106 845 198 907 isdem
220 844 322 923 quihus
338 855 421 906 antea
436 845 565 906 cautibus
579 847 826 908 innocentissimus
842 846 964 924 quisque
979 862 1055 905 nunc
1066 862 1116 904 no·

108 930 288 990 cautissimus
302 928 483 1008 ailigeretur,
500 946 620 1009 cumque
636 928 743 992 insulas
755 942 871 1007 omnes,
888 945 957 1007 quas
969 927 1054 988 modo
1066 947 1113 990 se·

106 1023 252 1092 natorum,
274 1015 329 1074 iam
344 1013 501 1074 delatorum
515 1013 597 1074 turha
612 1013 776 1094 conpleret;
798 1030 870 1091 quos
887 1012 1000 1091 quidem
1014 1029 1071 1072 non
1086 1013 1114 1072 in

107 1114 245 1176 praesens
260 1105 365 1157 tantum
380 1098 433 1159 sed
449 1099 478 1160 in
495 1104 640 1158 aeternum
653 1097 835 1179 repressisti,
858 1099 885 1156 in
899 1095 947 1156 illa
961 1113 1115 1176 poenarum

65 1179 238 1260 toindagine
258 1180 395 1242 inclusos.
436 1180 575 1261 Ereptum
601 1181 709 1243 alienas
728 1183 865 1262 pecunias
888 1189 969 1249 eunt;
997 1179 1116 1268 peqdant

107 1285 176 1346 ques
191 1265 310 1326 hahent:
337 1265 486 1344 expellere
502 1265 653 1344 penatibus
667 1267 807 1344 gestiunt;
833 1264 893 1325 suis
912 1263 1114 1324 exturbantur:

106 1368 220 1430 neque,
243 1358 273 1409 ut
288 1358 388 1428 antea,
410 1367 586 1427 exsanguem
602 1349 679 1410 illam
693 1360 723 1412 et
741 1349 863 1410 ferream
878 1347 1001 1409 frontem
1016 1349 1115 1426 nequi·

106 1451 190 1514 quarn
205 1433 461 1494 convulnerandam
476 1433 632 1514 praebeant
647 1434 760 1512 punctis
776 1441 805 1492 et
819 1442 900 1494 notas
917 1448 983 1492 suas
993 1430 1113 1508 rideant,

107 1517 160 1579 scd
176 1526 332 1597 expectent
346 1520 425 1597 paria
440 1520 568 1598 praemio
583 1517 697 1595 damna,
724 1534 780 1577 nec
800 1517 924 1582 maiores
947 1532 1017 1594 spes
1032 1533 1115 1594 quam

64 1612 198 1664 15metus
214 1600 352 1679 habeant,
369 1604 543 1680 timeantque
561 1610 693 1681 quantum
709 1601 888 1662 timebantur.
925 1599 1037 1676 lngenti
1053 1601 1114 1678 qui·

108 1686 173 1746 dem
187 1687 279 1745 anime
296 1684 378 1745 dirus
392 1684 472 1748 'litus
486 1686 635 1748 securitati
650 1693 765 1746 nostrae
779 1682 936 1763 ultionique
952 1699 1115 1760 prospexe-

106 1780 166 1847 rat,
190 1769 314 1848 ideoque
328 1771 487 1831 numinibus
503 1778 640 1850 aequatus
655 1779 716 1831 est:
744 1768 796 1830 sed
814 1777 917 1848 quanto
938 1775 968 1827 tu
989 1766 1115 1844 quando·

107 1872 163 1933 que
179 1853 292 1930 dignior
305 1852 404 1930 caelo,
421 1856 469 1932 qui
484 1862 527 1914 tot
539 1871 587 1914 res
603 1852 659 1914 illis
674 1852 806 1914 adiecisti
817 1861 937 1931 propter
949 1866 1020 1927 quas
1035 1848 1115 1908 illurn

107 1939 192 1998 deum
202 1936 339 1998 fecimus!
361 1936 393 1998 ld
406 1937 463 1998 hoc
474 1938 563 2015 magis
576 1937 692 1997 arduum
703 1936 773 2013 luit,
788 1935 865 2013 quod
876 1937 1031 2012 imperator
1041 1931 1113 1993 Ner-

63 2037 158 2099 oora,
173 2030 203 2081 te
220 2020 295 2099 lilio,
309 2030 339 2081 te
355 2038 528 2082 successore
545 2019 743 2098 dignissimus,
761 2035 898 2098 perquam
913 2033 1013 2093 magna
1027 2034 1113 2094 quac·

106 2106 170 2166 dam
190 2104 285 2166 edicto
299 2103 354 2165 Titi
373 2104 568 2181 adstruxerat,
591 2103 717 2182 nihilque
732 2101 885 2181 reliquisse
899 2101 953 2161 nisi
968 2100 1019 2160 tihi
1034 2099 1114 2160 vide·

105 2189 205 2267 hatur,
228 2191 276 2268 qui
291 2198 347 2249 tam
361 2188 447 2250 multa
462 2189 650 2266 excogitasti,
672 2196 703 2247 nt
717 2187 742 2248 si
755 2196 820 2248 ante
835 2195 865 2246 te
885 2181 955 2245 nihil
967 2191 1052 2268 esset
1071 2185 1112 2242 in·

105 2281 231 2335 ventum.
252 2272 332 2346 Quae
347 2271 459 2351 singula
474 2280 607 2352 quantum
622 2270 673 2332 tihi
688 2273 796 2348 gratiae
812 2270 976 2348 dispensata
992 2266 1113 2326 adiecis-

106 2355 185 2418 sent!
221 2356 260 2418 At
275 2366 305 2417 tu
320 2357 402 2417 simul
417 2359 508 2418 omnia
524 2355 693 2434 profudisti,
719 2363 750 2415 ut
770 2354 816 2414 sol
833 2362 867 2414 et
885 2351 948 2412 dies
961 2368 1018 2411 non
1033 2359 1114 2428 parte

62 2453 97 2506 25
106 2442 201 2521 aliqua
215 2440 267 2501 scd
278 2443 372 2502 statim
384 2450 480 2517 totus,
498 2458 554 2500 nec
565 2441 612 2500 uni
626 2447 674 2500 aut
686 2437 769 2499 alteri
784 2437 837 2498 sed
852 2435 981 2496 omnihus
995 2436 1023 2494 in
1036 2451 1113 2494 com-

104 2543 189 2586 mune
204 2524 358 2603 profertur.

169 2608 260 2682 Quem
280 2610 356 2669 iuvat
379 2626 499 2669 cernere
521 2609 660 2668 aerarium
680 2605 767 2667 silens
785 2613 814 2665 ct
834 2606 961 2683 quietum
982 2610 1012 2663 et
1026 2601 1110 2680 quale
1124 2610 1164 2672 36

104 2703 172 2755 ante
187 2691 333 2754 delatores
348 2691 422 2753 erat!
437 2690 519 2752 Nunc
531 2690 665 2770 templum
679 2689 766 2766 illud,
781 2706 856 2749 nunc
868 2706 938 2748 vere
949 2686 1038 2762 deus,
1054 2701 1113 2745 non

107 2777 273 2857 spoliarium
293 2778 396 2838 ciuium
418 2784 653 2855 cruentorumque
670 2772 836 2852 praedarum
850 2788 966 2834 saevum
981 2777 1112 2847 recepta·

61 2865 97 2921 30
108 2859 220 2940 culum,
235 2878 269 2922 ac
283 2870 344 2922 toto
359 2861 388 2921 in
402 2859 473 2921 orbe
488 2867 624 2920 terrarum
639 2857 730 2919 adhuc
745 2857 829 2918 locus
840 2873 911 2915 unus
927 2856 955 2915 in
972 2869 1028 2932 quc
1040 2853 1113 2929 cpti-

104 2963 153 3006 ιιιο
167 2945 297 3025 principe
312 2944 380 3005 honi
395 2942 476 3010 malis
490 2944 605 3022 inpares
620 2950 727 3004 essent.
746 2938 842 3000 llanet
857 2948 951 3000 tamen
965 2937 1058 2998 honor
1071 2935 1112 2995 le·

104 3047 190 3109 gum,
210 3028 339 3109 nihilque
354 3047 391 3090 ex
403 3027 518 3107 publica
533 3027 654 3088 utilitate
668 3023 852 3099 convulsum,
874 3040 930 3083 nec
946 3037 1039 3100 poena
1054 3019 1113 3078 cui·

105 3131 189 3193 quam
210 3115 347 3190 remissa,
371 3110 424 3174 sed
439 3110 532 3172 addita
546 3120 593 3171 eat
608 3109 695 3190 ultio,
722 3108 871 3187 solumque
886 3115 1019 3166 mutatum
1035 3101 1113 3180 quod

104 3198 161 3258 iarn
175 3214 232 3258 non
247 3195 389 3258 delatores
405 3195 458 3256 sed
472 3195 555 3272 leges
572 3194 717 3255 timentur.
752 3193 790 3253 At
803 3191 927 3252 fortasse
942 3206 998 3249 non
1013 3185 1114 3246 eadem

59 3281 260 3344 concreatura
278 3281 379 3342 ¹liscum
401 3297 457 3359 qua
473 3279 611 3340 aerarium
633 3277 765 3338 cohibes:
790 3278 874 3336 immo
894 3282 973 3334 tanto
993 3271 1111 3344 maiore,

105 3365 288 3446 quantoplus
304 3365 354 3425 tihi
369 3363 460 3425 licere
475 3362 511 3423 de
522 3371 571 3423 tuo
587 3379 670 3442 quam
684 3361 721 3422 de
734 3358 854 3439 publico
871 3355 975 3418 credis.
1003 3354 1115 3415 Dicitur

103 3452 196 3511 actori
210 3458 296 3528 atque
311 3450 395 3510 etiam
410 3448 586 3527 procuratori
601 3456 650 3507 tuo
666 3447 706 3507 ‘in
721 3446 765 3505 ius
776 3443 859 3519 veni,
875 3458 999 3520 sequere
1014 3438 1049 3499 ad
1064 3437 1113 3496 tri·

104 3532 216 3595 hunal'.
244 3532 315 3596 Nam
330 3531 450 3595 tribunal
467 3547 581 3611 qnoque
596 3530 788 3609 excogitatum
801 3525 970 3672 prquiqatni
986 3531 1046 3599 est,
1062 3535 1114 3597 par
