2580 3978
446 275 711 340 EPISTULARUM
726 275 749 336 l.
771 287 796 341 6.
814 286 840 341 7.
1127 276 1147 338 5

143 439 173 492 ut
194 430 269 490 idem
287 432 405 508 saepius
426 430 535 510 dicanm
561 439 686 508 expecto
704 427 870 491 Mauricum.
900 427 952 489 Vir
971 438 1017 491 est
1038 429 1146 508 gravis,

35 567 39 574 .
143 513 279 594 prudeus,
297 512 393 575 multis
408 515 613 593 experimentis
631 512 770 592 eruditus,
788 523 817 574 et
834 514 884 591 qui
898 512 992 574 futura
1004 515 1097 592 possit
1110 531 1147 573 ex
1219 511 1223 520 '

142 598 305 677 praeteritis
321 597 486 676 providere.
512 597 582 658 Mihi
596 606 626 658 ct
641 597 796 676 temptandi
811 596 918 676 aliquid
934 607 963 658 et
978 596 1145 676 quiescendi

133 681 194 742 ,illo
208 685 326 742 auctore
339 683 411 743 ratio
423 681 575 743 constabit.
595 679 675 741 llaec
686 681 739 742 tibi
753 683 869 760 scripsi,
889 681 955 759 quia
969 699 1070 742 aecum
1084 689 1145 740 erat
1156 689 1187 746 17

114 773 170 826 tte
188 782 241 844 pro
259 783 354 826 amore
374 775 472 827 mutuo
492 782 551 825 non
565 764 659 826 solum
674 767 767 825 onmia
780 783 844 825 mea
858 765 932 826 lacta
947 764 1080 844 dictaque
1095 783 1145 824 vc·

140 867 203 910 rum
217 851 301 910 etiam
316 849 436 911 consilia
451 866 640 927 cognoscere.
674 847 756 909 Vale.

620 981 670 1043 Vl.
694 977 718 1012 s

339 1081 366 1136 o.
386 1080 513 1134 sumnus
531 1080 691 1134 oonnnmo
711 1079 827 1131 uncino
839 1079 906 1159 ¹suo
920 1079 947 1134 a.

99 1192 132 1244 10
202 1183 339 1262 Ridebis,
356 1195 385 1246 et
403 1184 474 1245 licet
493 1185 599 1246 rideas.
623 1182 688 1262 Ego
706 1182 757 1243 ille
778 1200 863 1261 quem
884 1183 960 1244 nosti
980 1200 1065 1262 apros
1084 1193 1167 1246 tresl

140 1278 171 1330 et
186 1267 300 1346 quidem
313 1268 521 1348 pulcherrimos
540 1269 616 1347 cepi.
636 1264 727 1346 lpse‘l
742 1268 846 1345 inquis.
874 1264 958 1346 Ipse;
980 1276 1146 1328 nontamen

139 1361 170 1413 ut
186 1352 300 1413 omnino
314 1353 348 1413 ab
369 1353 471 1413 inertia
484 1370 547 1413 mea
562 1361 593 1412 ct
614 1352 712 1430 quiete
730 1350 920 1411 discederem.
952 1350 998 1411 Ad
1011 1349 1085 1412 retia
1099 1371 1146 1413 se·

140 1437 255 1497 dcbam:
272 1445 333 1496 crat
347 1438 375 1497 in
390 1439 522 1517 proximo
543 1452 600 1497 non
619 1432 791 1495 venabulum
805 1444 853 1495 aut
866 1435 977 1514 lancea,
995 1434 1146 1497 sed'stilus

139 1530 169 1580 et
185 1519 357 1599 pugillares:
368 1520 525 1581 meditabar
535 1519 643 1599 aliquid
655 1520 873 1598 enotabamquc,
890 1529 930 1599 nt,
946 1521 971 1581 si
985 1538 1085 1582 manns
1096 1537 1144 1580 va·

96 1616 131 1670 15
139 1622 226 1682 enas,
242 1602 342 1682 plenas
360 1614 453 1666 tarmen
467 1622 549 1666 ceras
565 1612 753 1683 reportarem.
779 1603 844 1665 Non
858 1613 904 1665 est
922 1604 999 1682 quod
1016 1613 1167 1668 contem-2

138 1706 190 1748 uas
206 1688 264 1748 boc
275 1687 407 1750 studendi
422 1707 525 1768 genus.
554 1687 657 1748 blirum
677 1697 723 1748 est
739 1697 770 1748 ut
790 1689 899 1749 animus
914 1691 1068 1767 agitatione
1083 1705 1142 1748 mo·

139 1781 229 1850 tuque
254 1775 386 1852 corporis
411 1775 563 1834 excitetur.
612 1770 672 1832 Iam
696 1772 821 1851 undique
845 1770 935 1833 silvae
962 1782 991 1834 et
1017 1772 1143 1834 solitudo

138 1858 292 1935 ipsumque
316 1855 387 1917 illud
404 1858 549 1919 silentium
571 1855 649 1936 qaod
667 1857 811 1918 venationi
827 1856 908 1918 datur
922 1873 1023 1934 magna
1035 1859 1143 1936 cogita·

138 1942 226 2001 tionis
240 1942 421 2002 incitamenta
432 1950 508 2002 sunt.
529 1939 652 2002 Proinde
667 1958 730 2000 cnm
742 1941 898 2018 venabere,
914 1940 1015 2002 licebit
1025 1946 1168 2002 anctorcb

94 2035 185 2087 boma
199 2034 231 2084 ut
246 2026 389 2104 panarium
406 2035 436 2086 et
452 2023 632 2104 lagunculam
647 2025 691 2085 sic
705 2026 790 2085 ctiam
806 2023 964 2103 pugillares
982 2025 1067 2086 ieras.
1086 2023 1143 2086 llx-

137 2110 262 2186 perieris
273 2126 330 2170 uon
343 2109 461 2170 Dianam
477 2111 568 2187 magis
584 2108 728 2168 montibus
745 2125 828 2186 quam
841 2106 997 2168 Minervam
1007 2110 1142 2168 inerrare.

135 2190 219 2253 Vale.

608 2288 672 2351 Vll.

362 2389 389 2440 o.
409 2389 533 2442 numius
549 2389 691 2442 oonavro
710 2389 792 2442 anuo
812 2388 872 2441 suo
890 2388 916 2444 S.

91 2448 128 2502 ²⁹
199 2490 273 2552 Vide
291 2493 320 2551 in
338 2508 396 2570 qno
412 2509 457 2552 mc
472 2491 589 2571 fastigio
606 2493 778 2571 collocaris,
802 2509 866 2552 cum
884 2489 953 2550 mibi
970 2489 1045 2551 idem
1059 2499 1165 2568 pote-1

135 2575 219 2636 statis
239 2574 373 2655 idemque
386 2578 470 2654 regni
491 2575 606 2637 dederis
627 2577 704 2655 quod
719 2575 861 2636 Homerus
876 2572 938 2635 lovi
955 2573 1069 2653 Optimo
1084 2572 1142 2633 bla-

134 2676 225 2737 ιιιιιιο,

171 2757 218 2840 τῷ
235 2747 269 2817 d'
283 2750 400 2836 ἕτερον
410 2749 473 2836 μὲν
485 2753 589 2819 ἔδωκε
601 2749 725 2838 πατὴρ,
738 2753 854 2836 ἕτερον
866 2745 900 2816 d'
914 2746 1108 2815 ἆνένευσεν.

90 2857 209 2919 somam
230 2876 287 2938 ego
308 2876 427 2937 quoque
445 2859 531 2921 simili
546 2869 615 2922 nutu
633 2879 667 2922 ac
687 2869 791 2922 renutu
807 2858 986 2937 respondere
1003 2867 1073 2919 voto
1094 2867 1167 2924 moa

134 2959 266 3022 possum.
297 2941 508 3006 lltanimsicut
526 2944 569 3006 ias
587 2954 633 3007 est
653 2943 739 3023 mibi,
765 2945 935 3023 praesertim
950 2951 979 3002 tc
995 2944 1142 3022 exigente,

134 3043 276 3088 excusare
291 3026 416 3089 Baeticis
432 3037 530 3089 contra
541 3029 780 3091 unnmhominem
791 3027 1019 3104 advocationem,
1037 3029 1076 3087 ita
1088 3045 1143 3086 nec

133 3109 203 3171 fidei
225 3120 340 3173 nostrae
367 3130 422 3171 nec
448 3115 623 3174 constantiae
650 3131 733 3192 qnam
755 3111 852 3190 diligis
882 3113 1017 3171 convenit
1040 3111 1143 3172 adesse

134 3203 236 3256 contra
251 3196 429 3274 provinciam
448 3214 532 3274 qnam
552 3206 595 3257 tot
612 3197 734 3276 ciliciis,
758 3205 800 3257 tot
813 3195 978 3272 laboribus,
999 3204 1043 3255 tot
1059 3197 1143 3256 etiam

87 3289 123 3342 35
134 3279 278 3358 periculis
294 3281 367 3341 meis
383 3279 534 3359 aliquando
554 3281 739 3342 devinxerim.
775 3279 894 3341 'lencbo
914 3296 987 3356 crgo
999 3278 1056 3339 boc
1071 3289 1164 3342 tem-3

132 3373 343 3444 paramentum,
361 3372 392 3424 ut
407 3382 444 3426 ex
459 3363 570 3425 duobus
586 3383 706 3445 quornm
720 3364 886 3426 alterutrum
903 3365 979 3442 petis
994 3363 1098 3442 eligam
1114 3364 1142 3424 id

131 3449 234 3527 potius
248 3450 278 3509 in
293 3466 350 3526 qno
365 3466 422 3508 non
440 3447 533 3510 solum
550 3449 645 3511 studio
660 3458 711 3511 tuo
724 3467 825 3510 verum
839 3451 924 3510 etiam
938 3447 1045 3508 iudicio
1059 3449 1142 3510 sutis-

131 3533 247 3603 ,erciam
272 3531 376 3612 Neque
391 3534 466 3594 enim
482 3541 559 3593 tanto
574 3551 665 3613 opere
680 3533 749 3594 mibi
765 3531 1000 3595 considerandum
1014 3541 1060 3610 est
1074 3531 1142 3610 quid
