2604 3972
308 268 569 334 urrsvmrnmr
584 282 726 338 59.—on.
740 273 907 353 [σι-σι]
1044 277 1110 340 rm

472 422 585 486 nvuu.
608 423 739 504 [nxvrn]

328 519 355 573 0.
371 521 496 575 PLINIUS
513 523 658 575 TRAIANO
675 524 887 579 IMPERATORI.

167 622 282 685 Flavius
302 623 468 704 Archippus
488 643 542 705 per
562 625 682 687 salutem
698 637 773 688 tuam
788 629 1042 707 aeternitatemque
1056 647 1108 708 pe-

102 709 164 771 tita
177 723 224 768 me
237 716 271 768 ut
283 706 412 769 libellum
426 711 511 787 quem
524 710 591 770 mihi
607 709 684 772 dedit
700 714 841 774 mitterem
860 712 920 772 tibi.
951 710 1035 785 Quod
1050 729 1108 788 ego

76 793 147 855 osio
161 791 274 871 roganti
291 792 490 871 praestandum
503 795 610 873 putavi,
626 795 666 855 ita
679 804 773 856 tannen
784 807 815 858 ut
830 797 980 858 missurum
997 813 1041 856 me
1056 812 1106 855 no·

41 881 50 906 ‘
100 885 162 937 tum
175 877 343 937 accusatrici
356 877 419 938 eius
434 876 576 953 iacerem,
591 895 608 937 a
624 895 679 957 qua
694 881 800 960 etipsa
814 887 965 959 acceptum
979 877 1108 939 libellum

101 959 147 1020 lris
165 958 294 1040 epistulis
308 961 402 1038 iunxi,
424 976 482 1039 quo
503 961 615 1023 facilius
636 961 717 1022 velut
730 964 824 1025 auditu
837 973 956 1042 utraque
971 972 1052 1042 parte
1067 963 1107 1024 di-

102 1046 234 1122 spiceres
248 1043 315 1122 quid
328 1043 506 1105 statuendum
522 1054 648 1123 putares.

58 1225 94 1277 1,
491 1193 713 1274 nx.[nxvu1.]

437 1292 600 1345 TRAIANUS
617 1293 723 1345 PLINIO
741 1293 768 1346 S.

145 1392 239 1454 Potuit
253 1393 366 1473 quidem
381 1396 532 1472 ignorasse
553 1396 729 1458 Domitianus
749 1398 777 1458 in
796 1414 852 1476 qno
868 1405 943 1458 statu
959 1406 1038 1457 esset
1052 1396 1105 1456 Ar-

104 1476 244 1557 chippus,
268 1495 333 1538 cum
348 1488 403 1540 tam
422 1478 508 1540 multa
526 1478 561 1540 ad
581 1479 719 1541 honorem
734 1483 796 1542 cius
813 1481 983 1558 pertinentia
998 1481 1106 1541 scribe·

101 1571 162 1622 ret:
179 1560 232 1622 sed
251 1579 333 1622 meae
356 1572 471 1624 naturae
492 1565 732 1626 accommodatius
754 1573 800 1626 est
815 1562 935 1625 credere
951 1564 1034 1624 etiam
1050 1574 1106 1625 sta·

55 1656 92 1712 15
103 1646 143 1704 tui
158 1646 220 1706 eius
236 1645 405 1707 subventum
418 1648 579 1708 interventu
594 1649 745 1728 principis,
760 1649 929 1728 praesertim
944 1665 1007 1708 cum
1021 1651 1106 1708 etiam

101 1737 255 1791 statuarum
270 1731 297 1789 ei
312 1729 403 1791 honor
416 1730 523 1792 totiens
538 1730 673 1794 decretus
695 1733 732 1794 sit
748 1732 833 1794 abiis
849 1733 896 1810 qui
914 1750 974 1794 non
991 1733 1104 1809 ignora·

99 1812 170 1874 bant
191 1812 310 1892 quidde
331 1813 383 1874 illo
404 1813 518 1890 Paullus
536 1815 693 1894 proconsul
714 1817 935 1895 pronuntiasset.
968 1814 1049 1889 Quae
1064 1825 1106 1876 ta-

98 1915 182 1975 men,
211 1898 248 1956 nni
264 1896 398 1959 Secunde
420 1898 583 1977 carissime,
597 1918 655 1961 non
669 1917 705 1960 eo
720 1901 865 1979 pertinent
880 1907 926 1976 ut,
943 1901 968 1961 si
983 1898 1050 1979 quid
1064 1898 1105 1960 illi

98 1982 168 2041 novi
185 1982 306 2042 criminis
322 1982 459 2060 obicitur,
480 1983 571 2043 minue
594 1983 629 2044 de
646 2000 682 2044 ec
699 1983 867 2044 audiendum
883 1992 977 2061 putee.
1010 1981 1104 2043 Libel-

53 2074 89 2128 20
99 2064 146 2126 los
160 2063 261 2126 Furiae
278 2065 386 2127 Primae
402 2067 599 2145 accusatricis,
615 2067 683 2127 item
696 2068 787 2147 ipsius
801 2065 958 2146 Archippi,
975 2083 1047 2145 qnos
1063 2064 1103 2126 al·

97 2149 154 2210 teri
168 2147 309 2229 epistulae
323 2159 388 2211 tuae
401 2151 544 2228 iunxeras,
559 2149 628 2229 legi.
819 2151 826 2162 “

467 2301 540 2362 ιιι.
561 2299 721 2380 [unuin]

324 2399 350 2450 0.
368 2399 495 2451 PLINIUS
511 2400 656 2451 TRAIANO
671 2397 878 2450 IMPERATORI.

52 2535 88 2587 25
161 2515 204 2577 Tu
224 2518 355 2598 quidem,
375 2517 505 2597 domine,
529 2517 778 2598 providentissime
797 2518 907 2579 vereris
921 2534 958 2578 ne
975 2515 1131 2584 commis-1
1224 2498 1242 2507 ²

98 2620 150 2664 sus
166 2601 271 2663 dumini
292 2613 378 2683 atque
398 2604 437 2663 ita
457 2603 525 2664 mari
546 2600 626 2663 lacus
641 2602 753 2664 effluat:
776 2602 829 2664 sed
849 2619 906 2680 ego
923 2601 952 2660 iu
967 2617 1001 2659 re
1021 2616 1104 2679 prae·

98 2686 174 2747 senti
194 2685 340 2749 invenisse
359 2686 459 2748 videor
479 2685 713 2765 quemadmodum
735 2685 801 2746 hnic
817 2683 948 2764 periculo
970 2700 1104 2743 occurre·

97 2787 170 2832 rem.
200 2769 300 2833 Potest
320 2772 395 2832 enim
411 2769 491 2832 lacus
506 2769 586 2831 fossa
599 2788 691 2849 usque
705 2768 741 2830 ad
757 2768 861 2830 flumen
875 2767 977 2828 adduci
992 2784 1048 2826 nec
1063 2774 1129 2833 tar

97 2869 165 2914 men
177 2855 206 2915 in
221 2854 326 2916 llumen
346 2855 453 2933 emitti,
474 2853 527 2916 sed
545 2853 649 2915 relicto
666 2855 746 2933 quasi
761 2853 887 2931 margine
899 2850 1039 2912 contineri
1053 2867 1104 2929 pa·

52 2946 90 3002 30
99 2939 171 3000 riter
184 2947 214 3000 et
228 2937 326 3002 diuni.
349 2937 398 3000 Sic
410 2955 620 3018 consequemur
632 2946 664 2998 ut
678 2955 739 3010 nec,
747 2938 841 2998 vicino
856 2935 985 2996 videatur
999 2934 1105 2994 flumini

99 3024 206 3084 mixtus
228 3033 258 3085 et
278 3024 315 3085 eit
335 3021 455 3102 perinde
474 3040 509 3083 ac
528 3023 555 3084 ei
576 3023 738 3084 misceatur.
770 3019 833 3082 Erit
853 3019 929 3082 enim
950 3017 1036 3080 facile
1051 3035 1105 3096 per

98 3105 178 3167 illam
190 3107 386 3169 brevissimam
402 3115 505 3167 terram
521 3123 595 3186 quae
610 3105 790 3166 interiacebit
802 3103 924 3165 advecta
939 3102 1019 3164 iossn
1034 3119 1103 3160 one-

98 3208 130 3252 ra
144 3199 333 3269 transponere
352 3190 381 3248 lu
400 3189 514 3251 llumen.
547 3187 632 3262 Quod
645 3191 685 3250 ita
700 3190 765 3266 liet,
785 3190 809 3249 si
826 3188 986 3248 necessitas
1003 3193 1130 3262 coget,3

99 3284 141 3352 et,
156 3292 256 3354 spero,
270 3291 326 3335 non
341 3283 438 3352 coget.
455 3273 508 3334 Rst
522 3275 597 3334 enlm
611 3283 641 3334 et
654 3272 735 3334 lacus
748 3273 813 3352 ipsc
825 3272 893 3333 satie
904 3269 977 3331 altus
990 3278 1019 3329 et
1028 3285 1103 3328 nnnc
1180 3289 1184 3300 ¹

51 3369 90 3425 ³5
99 3360 130 3418 ic
145 3361 311 3421 contrmiaun
326 3367 435 3437 partem
449 3357 553 3418 ilumeu
568 3359 685 3434 emittit,
707 3355 783 3436 quod
798 3352 983 3416 interclusum
995 3352 1062 3413 inde
1076 3361 1105 3412 et

100 3459 159 3523 quo
172 3442 303 3504 volumus
318 3459 449 3503 aversum
466 3442 528 3502 siue
542 3440 603 3502 ullo
617 3441 787 3502 detrimento
802 3437 882 3501 lacus
895 3447 1003 3500 tantum
1014 3452 1104 3514 aquae

101 3535 234 3606 quantum
252 3543 327 3586 nnuc
346 3533 441 3605 portat
461 3524 596 3585 eliundet.
627 3523 780 3586 Praeterea
798 3521 898 3603 perid
916 3522 1037 3600 spatium
1052 3535 1106 3596 per
