2604 3972
330 266 593 330 EPISTULARUM
606 277 749 334 'cta—39.
763 271 928 349 [tt-ta]
1071 270 1133 333 211

127 421 198 481 tinet
212 420 357 500 inquirere
376 439 495 500 quornm
514 421 584 484 vitio
605 421 641 483 ad
660 421 718 484 hoc
738 431 850 502 tempus
867 432 971 484 tantam
985 424 1134 502 pecuniam

125 501 353 566 Nicomedenses
369 504 559 584 perdiderint,
581 525 635 585 ne,
658 507 723 567 dum
738 508 813 568 inter
827 527 860 568 se
874 507 1082 586 gratificantur,
1104 517 1134 569 et

124 587 321 650 inchoaverint
333 606 424 669 aquae
439 588 541 652 ductus
557 598 587 652 et
602 590 780 671 reliquerint.
814 589 890 666 Quid
912 593 1009 670 itaque
1024 607 1131 672 conpe-

124 673 198 736 reris
213 672 495 753 perierinnctitiam
509 692 609 736 meam.
976 696 979 702 ·

453 805 625 870 xxxvnn
649 807 802 890 [nuum]
1049 843 1106 946 4

349 907 376 959 (l.
394 908 522 961 PLINIUS
539 908 684 960 TRAIANO
701 909 912 965 IMPERATORI.

189 1011 353 1091 Theatrum,
365 1011 489 1090 domine,
501 1011 628 1075 Nicaeae
639 1015 823 1074 manimaiam
834 1022 1157 1094 parteoonstructum,l

125 1095 317 1176 inperfectum
336 1106 447 1175 umen,
468 1099 649 1175 sestertium,
671 1107 703 1158 ut
723 1098 825 1176 audio,
847 1099 958 1179 (neque
972 1099 1046 1158 enim
1061 1099 1133 1160 ratic

82 1180 216 1261 10[plus]
231 1199 357 1244 excussa
371 1183 432 1261 est)
451 1181 571 1261 amplius
589 1184 700 1245 centies
718 1183 826 1245 hausit:
847 1199 953 1243 vereor
965 1201 1003 1242 ne
1018 1181 1130 1243 trustra.

125 1264 293 1344 lugentibus
307 1267 382 1326 enim
396 1267 474 1326 rimis
492 1265 642 1328 descendit
656 1276 686 1326 et
705 1266 780 1345 hiat,
803 1268 865 1328 siue
886 1267 915 1326 in
937 1283 1022 1328 causa
1040 1264 1157 1329 solunt

125 1349 249 1410 umidum
261 1357 291 1410 et
304 1348 403 1426 molle,
419 1351 482 1412 sive
495 1349 569 1430 lapis
583 1352 647 1428 ipse
662 1350 779 1428 gracilis
795 1360 824 1412 et
839 1349 944 1429 putris:
960 1349 1074 1428 dignum
1086 1357 1131 1411 est

126 1444 207 1496 certe
231 1433 436 1496 deliberatione
463 1435 538 1496 sitne
562 1433 723 1496 laciendum
742 1453 777 1495 an
802 1435 839 1497 sit
858 1433 1075 1513 relinquendum
1097 1451 1132 1494 an

126 1519 211 1580 etiam
233 1517 445 1580 destmendum.
484 1517 556 1580 Nam
576 1517 698 1580 fulturae
719 1537 754 1580 ac
776 1519 1006 1580 substructiones
1027 1518 1130 1596 quibus
1158 1515 1166 1530 ’

81 1609 118 1662 15
127 1601 248 1665 subinde
263 1603 419 1682 suscipitur
433 1618 490 1662 non
510 1610 566 1664 tam
580 1603 679 1664 drmae
702 1602 769 1664 mihi
789 1621 871 1683 quam
892 1611 1076 1682 sumptuosae
1090 1603 1131 1662 vi·

126 1687 237 1748 dentur.
257 1684 331 1747 lluic
346 1686 458 1746 theatro
470 1705 508 1748 ex
523 1684 695 1766 privatorum
710 1685 963 1766 pollicitationibus
978 1685 1065 1746 multa
1080 1684 1155 1748 ded

124 1772 244 1847 bentur,
268 1778 298 1831 nt
318 1769 454 1831 basilicae
471 1771 565 1849 circa,
587 1780 618 1832 nt
638 1773 766 1851 porticus
788 1789 874 1851 supra
894 1789 1018 1832 caveam.
1049 1765 1131 1842 Quae
1174 1787 1186 1810 ι

125 1872 200 1916 nunc
215 1856 307 1915 omnia
322 1853 488 1915 differuntur
503 1864 635 1919 cessante
653 1872 689 1916 eo
704 1853 781 1935 quod
792 1864 856 1915 ante
868 1852 1063 1934 peragendum
1074 1862 1128 1913 εει.

126 1938 217 1999 Iidem
231 1937 409 2001 Nicaeenses
423 1939 599 2016 gymnasium
610 1939 743 1999 incendio
759 1939 892 1999 amissum
904 1947 970 1999 ante
981 1935 1157 2018 ad'ventumt

80 2025 219 2083 comeum
233 2023 387 2084 restituere
403 2031 572 2100 coepemnt‚
590 2021 678 2101 longe
691 2023 870 2082 numerosius
885 2021 1035 2100 laxiusque
1049 2037 1131 2099 quam

125 2109 234 2186 iuerat,
256 2116 285 2167 et
305 2108 361 2167 iam
379 2105 553 2185 aliquantum
573 2114 781 2184 erogaverunt,
797 2105 955 2184 periculum
970 2113 1065 2165 estne
1081 2121 1130 2184 pa·

124 2209 187 2253 nuru
200 2190 320 2260 utiliter;
335 2191 547 2269 inconpositum
562 2192 678 2252 enimet
690 2205 820 2269 sparsum
834 2198 889 2250 est.
921 2187 1073 2249 Praeterea
1088 2204 1131 2247 ar·

126 2275 281 2353 chitectus‚
296 2291 365 2336 sane
381 2273 510 2336 aemulus
526 2275 588 2336 eius
608 2291 625 2334 a
640 2292 697 2355 quo
714 2291 787 2353 opus
802 2272 964 2333 inchoatum
977 2282 1032 2348 est,
1048 2271 1130 2332 adtir-

125 2368 183 2420 mat
205 2360 331 2440 parietes
347 2375 515 2439 quamquam
534 2360 635 2438 viginti
657 2368 686 2419 et
711 2357 783 2419 duos
807 2356 898 2437 pedes
915 2358 989 2418 latos
1008 2355 1131 2436 inposita

80 2452 116 2505 ab
126 2460 215 2504 onera
228 2445 369 2505 sustinere
384 2459 441 2504 non
458 2458 566 2523 posse,
586 2445 651 2522 quia
666 2444 722 2504 sint
737 2451 885 2504 caemento
899 2441 984 2503 medii
998 2441 1061 2502 iarti
1076 2455 1131 2500 nec

124 2536 255 2590 testaceo
270 2544 360 2607 opere
374 2529 540 2608 praecincti.
563 2524 800 2607 Claudiopolitani
817 2542 931 2607 qnoque
946 2527 976 2586 in
990 2525 1155 2605 depressoc

124 2610 204 2689 loco,
221 2613 375 2673 inminente
389 2615 473 2673 etiam
486 2620 594 2690 monte,
610 2613 712 2691 ingens
728 2611 869 2672 balineum
884 2609 1031 2671 defodiunt
1041 2609 1130 2685 magis

126 2711 211 2776 mam
230 2696 395 2775 aedificant,
420 2706 450 2756 et
465 2695 584 2775 'quidem
601 2713 637 2756 ex
651 2713 686 2756 ea
701 2697 823 2775 pecunia
837 2709 920 2773 quam
933 2694 1068 2754 buleutae
1083 2690 1131 2751 ad-

126 2779 177 2841 diti
199 2781 341 2842 beneflcio
360 2789 410 2841 tuo
430 2790 478 2840 aut
497 2781 552 2839 iam
574 2778 737 2841 obtulerunt
756 2780 793 2840 ob
818 2779 961 2839 introitum
981 2784 1028 2837 aut
1047 2775 1131 2835 nobis

79 2865 307 2943 acescentibus
322 2865 483 2926 conterunt.
517 2861 598 2942 Ergo
620 2881 684 2924 cum
699 2864 813 2924 timeam
826 2881 863 2922 ne
877 2860 936 2922 illic
949 2859 1066 2941 publica
1080 2868 1157 2938 pe·6

125 2950 227 3028 cunia,
249 2949 315 3027 hic,
340 2947 416 3029 qnod
431 2957 477 3009 est
498 2950 573 3008 omni
594 2949 716 3027 pecunia
735 2947 906 3026 pretiosius,
933 2962 1032 3006 munus
1052 2952 1132 3004 tunm

123 3032 199 3094 male
220 3033 408 3110 conlocetur,
432 3048 523 3108 cogor
542 3040 644 3112 petere
664 3049 681 3092 a
702 3041 733 3092 te
755 3047 812 3091 non
833 3028 925 3091 solum
940 3029 977 3088 ob
991 3028 1131 3089 theatrum

123 3119 323 3179 verumetiam
339 3118 378 3178 ob
401 3115 474 3176 hacc
498 3113 609 3177 balinea
626 3118 718 3178 mittas
738 3114 923 3177 architectum
938 3113 1131 3191 dispecturum

123 3209 216 3262 utrum
238 3203 277 3263 sit
296 3201 393 3264 utilius
411 3208 479 3279 post
502 3209 644 3278 sumptum
666 3201 714 3280 qui
734 3199 827 3262 lactus
852 3205 898 3259 est
917 3194 1130 3276 quoquomodo

79 3293 116 3349 ιι
125 3303 321 3348 consummare
336 3301 443 3365 opera,
460 3292 491 3345 nt
505 3283 637 3346 lnchoata
652 3293 733 3363 sunt,
754 3301 790 3344 an
804 3297 877 3361 quae
890 3280 1022 3341 videntur
1036 3296 1131 3340 emen·

125 3367 216 3440 danda
230 3372 395 3450 corrigere,
419 3385 493 3448 quae
507 3368 704 3430 transferenda
718 3365 890 3442 nannieno,
912 3382 966 3443 ne,
989 3363 1053 3424 dum
1071 3379 1132 3424 ser·

122 3471 193 3516 vare
207 3454 341 3518 volumus
357 3452 434 3533 quod
448 3454 600 3532 inpensum
614 3462 676 3530 est,
699 3451 774 3513 male
791 3448 977 3528 inpendemus
994 3447 1071 3529 qnod
1085 3445 1132 3506 ad·

125 3536 248 3599 dandum
262 3548 318 3600 est.
905 3615 923 3678 l
952 3613 968 3653 *
