2584 3972
396 257 660 321 norsuomaun
675 258 710 319 v.
733 270 759 324 s.
783 261 859 339 (n.)
1090 259 1132 324 oo

130 409 194 488 ipso
209 408 322 472 diversa
342 411 418 490 quod
439 413 557 472 maxima
580 411 747 472 conlundmn
767 412 975 490 misceamque,
999 432 1037 473 no
1056 420 1131 474 tanta

129 495 210 574 quasi
234 493 396 556 colluvione
411 495 538 556 turbatus
553 494 593 556 ibi
607 495 708 557 faciem
722 495 798 575 quod
811 494 859 556 bic
874 496 984 566 debeo;
1007 497 1130 575 ideoque

127 578 238 638 interim
251 579 379 657 venium,
400 597 437 639 ne
455 597 472 639 a
491 578 564 640 meis
584 579 681 640 verbis
704 578 852 656 recedam,
874 579 1030 640 advocandi
1051 589 1131 659 peto.

128 659 171 720 'l'u
188 670 282 722 tamen
302 663 357 722 iam
372 679 447 723 nunc
470 663 566 740 cogita
587 680 659 741 quae
679 663 857 742 potissimum
879 672 1008 743 tempora
1028 670 1173 741 agere-ld

103 743 198 810 5diar.
231 743 337 806 Vetera
358 755 387 806 ct
406 747 513 825 scripta
537 743 620 807 aliisl
646 755 743 825 parata
757 746 918 825 inquisitio,
941 746 994 808 sed
1010 764 1131 810 onerosa

129 826 261 888 collatio:
287 827 389 890 intacta
401 837 431 888 et
448 825 542 890 noval
569 830 665 906 gravb
680 830 819 910 offensae,
840 830 913 892 levis
929 832 1029 908 gratia.
1060 828 1173 891 Nam13

127 920 244 989 praeter
260 911 289 970 id
305 912 382 990 quod
396 913 425 971 in
446 913 529 972 tantis
550 912 626 973 vitiis
649 912 791 973 hominurn
815 914 896 994 plura
912 913 1050 994 culpanda
1066 922 1131 975 sunt

128 1012 212 1072 qnam
224 993 376 1072 laudanda,
397 1004 472 1074 tum,
490 997 515 1056 si
529 995 705 1075 laudaveris,
721 1014 843 1077 parcus,
860 999 885 1059 si
901 997 1073 1077 culpaveris,
1089 998 1131 1057 ni-

126 1079 200 1138 mius
215 1077 305 1140 luisse
320 1077 439 1147 dicaris;
460 1080 586 1158 quamvis
608 1077 679 1139 illud
697 1080 881 1161 plenissime,
907 1081 963 1141 boc
977 1081 1130 1142 restrictis·

85 1179 119 1231 lo
128 1161 201 1223 sime
216 1161 334 1223 leceris.
365 1161 423 1223 Sed
438 1161 510 1224 baec
527 1180 573 1224 me
592 1179 651 1223 non
665 1164 821 1225 retardant:
844 1174 890 1226 est
905 1165 980 1225 enim
995 1163 1062 1224 mibi
1077 1182 1129 1243 pro
1139 1169 1170 1226 lt

126 1243 183 1306 lide
194 1245 361 1306 satisanimi.
383 1244 546 1324 llludpeto,
560 1255 742 1326 praesternas
756 1247 792 1308 ad
806 1248 883 1327 quod
892 1248 1012 1309 hortaris
1027 1248 1130 1327 eligas·

128 1347 185 1408 que
200 1329 362 1408 materiam,
377 1347 414 1390 ne
428 1329 495 1390 mibi
509 1330 563 1390 iam
577 1330 706 1391 scribere
724 1342 822 1409 parato
837 1330 891 1392 alia
903 1349 1001 1392 rursus
1017 1340 1130 1392 cuncta·

126 1412 213 1476 tionis
229 1421 259 1473 et
272 1428 368 1475 morae
381 1412 455 1476 iusta
469 1414 540 1475 ratio
553 1422 696 1474 nascatur.
726 1413 808 1477 Vale.

85 1592 118 1645 so
525 1545 729 1627 v1111.[xxl.]
1148 1560 1208 1675 7<

428 1644 456 1700 G.
476 1643 603 1696 PLINIUS
621 1644 705 1696 RUFO
722 1644 782 1696 SUO
800 1645 828 1696 S.

86 1739 92 1752 '
190 1744 403 1807 Descenderam
419 1748 447 1806 in
463 1746 608 1809 basilicam
623 1746 738 1825 Iulian,
760 1746 904 1808 auditurus
922 1747 1023 1826 quibus
1036 1747 1156 1827 proxi-1

126 1847 172 1891 ma
193 1830 489 1908 comperendinatione
510 1831 689 1910 respondere
711 1829 860 1892 debebam.
893 1829 1038 1892 Sedebant
1061 1830 1156 1897 iudi-n

114 1917 198 1991 'cee,
219 1911 374 1974 decemviri
397 1924 550 1994 venerant,
576 1915 801 1976 obversabantur
819 1913 965 1992 advocati,
988 1914 1131 1984 silentium

83 1996 260 2076 aotongun,
280 1995 393 2058 tandem
412 2015 429 2058 a
445 2007 578 2076 praetore
599 1999 723 2059 nuntius.
750 1996 932 2059 Dimittuntur
952 1999 1128 2075 centumviri,

125 2082 258 2142 eximitur
269 2078 342 2158 dies,
357 2098 404 2142 me
417 2080 576 2160 gaudente,
598 2085 646 2160 qui
660 2098 810 2160 numquam
829 2081 867 2140 ita
885 2089 999 2160 paratus
1020 2099 1083 2141 sum
1100 2089 1130 2139 ut

124 2182 183 2225 non
195 2181 274 2248 mora
290 2164 391 2226 laeter.
424 2162 516 2226 causa
530 2164 672 2225 dilationis
687 2163 788 2245 Nepos
805 2172 938 2242 praetor,
951 2165 1003 2242 qui
1014 2163 1155 2242 legibusa

125 2248 243 2328 quaerit.
266 2247 457 2328 Proposuerat
477 2250 566 2310 breve
587 2248 728 2328 edietum,
750 2247 918 2308 admonebat
932 2257 1128 2326 accusatores,

123 2330 294 2392 admonebat
310 2349 378 2393 reos
399 2342 601 2398 exsecuturum
620 2351 654 2394 sc
676 2351 748 2413 quae
771 2330 1037 2393 senatusconsulto
1060 2348 1128 2393 oon·

82 2417 292 2488 sstiuerentur.
333 2415 455 2477 Suberat
481 2417 577 2477 edicto
598 2425 713 2479 senatus
736 2414 913 2477 consultum:
938 2413 996 2475 boc
1017 2428 1154 2493 omnent

124 2501 256 2578 quisquis
276 2500 420 2576 negotium
441 2499 578 2577 baberet,
601 2501 694 2562 iurare
717 2500 795 2578 prius
815 2517 900 2579 quarn
914 2508 1034 2575 agerent
1047 2498 1127 2559 iubo-

123 2585 227 2646 bantur
246 2581 315 2642 nibil
335 2601 369 2644 se
390 2583 427 2643 ob
447 2582 662 2645 advocationem
681 2584 811 2662 cuiquam
832 2582 950 2645 dedisse
961 2582 1128 2661 promisisse

123 2668 249 2729 cavisse.
277 2663 329 2726 llis
344 2666 418 2727 enim
431 2667 528 2728 verbis
540 2685 576 2728 ac
593 2665 671 2728 mille
686 2675 836 2746 praeterea
848 2675 877 2727 et
891 2666 991 2726 venire
1006 2665 1128 2725 advoca·

121 2752 219 2813 tiones
235 2751 335 2810 eterni
348 2749 524 2812 vetabantur.
555 2749 682 2810 Peractis
696 2758 790 2810 tamen
804 2749 930 2828 negotiis
945 2745 1127 2828 permitteba-

78 2844 170 2906 notnr
182 2833 335 2914 pecuniam
347 2832 489 2896 dumtaxat
503 2833 604 2895 decem
623 2832 729 2893 milium
749 2831 827 2894 dare.
858 2824 1014 2892 lloc‘lacto
1028 2829 1152 2910 nepo-5

120 2920 160 2980 tis
177 2927 338 2979 commotus
351 2926 467 2996 praetor
483 2919 531 2997 qui
546 2915 793 2979 centumviralibus
805 2915 999 2996 praesidebat,
1018 2912 1126 2974 delibe-

119 3010 236 3064 raturus
251 3018 286 3061 en
301 3011 473 3081 sequeretur
488 3001 666 3080 exemplum,
688 3000 861 3079 inopinatum
873 2998 957 3060 nobis
976 2998 1063 3060 otium
1077 2997 1127 3058 de·

121 3085 175 3146 dit.
207 3083 324 3146 interim
346 3094 405 3146 tota
426 3083 677 3164 civitate'llepotis
698 3083 822 3146 edictum
843 3083 967 3162 carpitur
990 3079 1154 3147 laudatum

120 3167 206 3230 llulti
221 3169 390 3230 ‘invenimus
405 3169 454 3247 qui
463 3182 555 3230 'curva
572 3169 738 3245 corrigeret.
762 3164 858 3242 Quid?
875 3175 939 3228 ante
954 3164 1029 3224 bunc
1042 3181 1125 3242 prae-

78 3261 205 3318 ottones
227 3270 283 3313 non
303 3250 437 3314 luerunt?
458 3254 522 3333 quis
543 3261 637 3313 autem
653 3251 700 3312 hio
722 3260 768 3312 est
784 3253 832 3330 qui
846 3247 978 3311 emendet
992 3245 1127 3327 publicos

120 3332 263 3398 moresl’
298 3336 354 3398 Alii
376 3345 474 3397 contra
496 3336 668 3396 ‘rectissime
686 3334 770 3396 lecit:
797 3335 915 3394 initurus
934 3332 1127 3409 magistratum

122 3422 184 3483 iura
200 3422 352 3499 cognovit,
365 3428 481 3482 senatus
497 3419 625 3481 consulta
640 3417 728 3495 legit,
743 3418 870 3498 reprimit
884 3414 1063 3477 foedissimas
1077 3430 1126 3492 pa·

124 3505 257 3582 stiones,
282 3522 344 3565 rem
364 3503 581 3583 pulcherrimam
606 3502 768 3578 turpissime
794 3501 892 3560 venire
918 3515 976 3634 pop
1000 3498 1125 3575 patitur.’
