2580 3978
497 285 738 338 PRAEFATIO.
1097 299 1148 339 1111

83 459 135 509 tur,
159 443 218 498 dum
239 449 321 500 nostra
343 449 422 500 aetate
437 439 542 499 Oreltm
560 441 707 514 principibus
733 442 877 498 editionibus
898 443 992 500 colatis
1015 446 1145 518 genuinam

82 527 174 584 codicis
184 528 336 598 scripturam,
359 527 439 600 quoad
449 527 501 582 eius
510 527 563 582 fleri
572 533 664 598 posset,
685 527 798 592 restituit,
819 528 954 582 restitutum
964 526 1003 583 via
1017 529 1145 586 etratione

80 611 227 666 emendavit.
272 611 346 667 edidit
362 617 443 668 antem
461 608 566 667 Orellius
580 611 684 680 primum
695 609 766 665 Plinii
783 615 808 665 et
818 610 912 666 ladani
923 611 1037 682 epistudas
1047 621 1144 670 mutuas

80 695 164 750 Turioi
182 697 265 763 1838,
288 695 375 752 deiude
392 694 472 768 magis
483 694 621 750 emendatas
632 709 680 749 una
690 707 747 749 cum
755 693 855 750 historia
865 694 947 749 critica
960 709 1042 750 eanum
1054 698 1145 768 epistu-

80 779 161 834 lamm
173 777 254 834 Tucim
273 779 343 837 1888
355 779 426 836 edita.
469 793 501 834 ex
519 777 557 833 his
577 778 653 852 igitur
672 777 831 850 posteriorem
851 779 980 834 editicrmm
1000 779 1033 834 ita
1046 787 1144 836 secutus

79 877 134 917 sum
158 867 187 917 ut
208 862 233 916 in
257 863 355 932 paucis,
382 877 484 935 quorum
504 862 576 918 index
597 861 658 916 inlia
677 861 782 932 scriptus
803 866 852 926 eet,
883 861 913 917 ab
942 877 970 916 ea
996 864 1142 920 recederem

82 953 193 1000 ceterum
214 945 322 1000 ordinem
338 952 364 1001 et
379 959 507 1002 numerum
525 945 680 1016 epistulamm
696 945 791 1017 qualem
807 945 832 1000 in
842 945 935 1001 Avantii
951 951 977 1001 et
992 945 1045 1002 llldi
1061 961 1143 1002 exom-

78 1028 188 1100 plaribus
213 1027 306 1094 inveni,
335 1045 349 1085 a
377 1044 425 1102 quo
445 1029 498 1086 sine
523 1029 609 1084 idonea
630 1043 702 1084 causa
724 1035 808 1099 postea
833 1028 998 1095 descivemnt‚
1024 1033 1142 1088 revocavi.

80 1128 135 1169 nam
153 1117 284 1184 postquam
294 1112 324 1167 H.
336 1110 486 1184 Stephanus,
506 1112 532 1168 ni
552 1111 635 1177 tabor.
656 1113 748 1182 primus
774 1114 808 1167 ita
827 1111 871 1167 bas
891 1113 1005 1184 epistulas
1026 1114 1144 1186 disposuit

80 1205 106 1252 ut
139 1211 194 1251 eam
222 1203 315 1268 partem
338 1209 399 1269 quae
417 1196 533 1267 epistulas
552 1195 583 1251 ab
609 1196 753 1266 imperatore
776 1197 905 1266 rescriptas
926 1197 1018 1252 additas
1043 1197 1144 1254 haberet

78 1295 191 1336 seorsum
213 1279 316 1351 positam
335 1287 361 1336 et
379 1296 441 1337 novo
457 1285 595 1335 mutuarum
612 1280 766 1350 epistvdarum
785 1279 856 1335 titulo
877 1280 1016 1350 mscnptam
1031 1281 1143 1337 induem

79 1365 192 1428 coiceret,
211 1363 405 1420 honorationem
422 1359 520 1434 plurimi
542 1363 628 1419 imltati
649 1369 714 1420 sunt.
734 1363 924 1435 itaqucentiquo
936 1363 1141 1421 ordinerestituto

79 1446 242 1504 recentiorem
266 1448 372 1504 numeris
389 1447 529 1520 vulgaribus
550 1447 674 1519 adscriptis
694 1446 804 1502 indicavi.
846 1447 889 1502 sed
913 1462 969 1502 cum
990 1447 1015 1502 in
1037 1448 1083 1505 hae
1106 1465 1141 1515 re,

80 1545 228 1603 quamquam
241 1531 436 1588 diomnmttbus
447 1531 567 1602 plerisque
577 1530 709 1586 editoribus
722 1536 748 1586 et
759 1529 811 1600 ipso
824 1527 921 1595 Orellio,
942 1531 1029 1586 llldum
1039 1547 1142 1606 sequen

80 1615 140 1671 dum
160 1628 215 1669 osse
236 1613 363 1679 ducerem,
389 1614 457 1670 nolui
482 1629 538 1670 eum
559 1627 616 1670 oum
639 1614 737 1686 reliquis
758 1613 845 1670 imitari
865 1615 891 1669 in
916 1613 977 1680 boo,
1005 1617 1070 1688 quod
1094 1633 1142 1672 una

81 1714 138 1754 eum
152 1697 252 1770 reliquis
260 1698 382 1754 librislms
393 1698 507 1770 epistulas
517 1705 640 1770 mmquam
650 1698 770 1753 dommum
779 1697 868 1753 libmm
886 1699 982 1768 posuit:
1003 1699 1068 1771 quod
1085 1701 1141 1772 quin

80 1789 166 1838 contra
175 1781 249 1836 fldem
259 1781 453 1838 membrananun
462 1782 583 1837 novaverit
593 1780 697 1837 dubitari
712 1780 803 1854 nequit
824 1796 880 1836 nam
900 1788 925 1836 et
934 1787 990 1838 ante
999 1781 1088 1838 dldum
1098 1783 1141 1838 ali·

80 1881 126 1937 qun
138 1865 297 1936 epistulamm
309 1881 364 1937 pers
374 1873 498 1938 tamquam
508 1865 570 1921 liber
579 1865 708 1938 singularis
719 1865 783 1922 edita
794 1871 845 1920 crat
855 1879 901 1921 nec
914 1880 1029 1938 umquam
1036 1881 1092 1922 cum
1103 1883 1140 1922 re-

81 1949 153 2021 liquis
163 1948 231 2004 libris
240 1948 287 2004 bue
296 1949 411 2022 epistulae
424 1955 562 2005 numeratae
574 1955 639 2005 munt.

147 2031 261 2104 llpistulis
271 2032 341 2090 Plinii
350 2033 426 2089 adieci
443 2033 631 2106 panegyricum,
651 2047 702 2087 non
718 2045 766 2102 quo
778 2031 891 2086 haberem
901 2047 992 2104 magno
1003 2047 1076 2103 opere
1089 2033 1141 2104 qui·

80 2118 128 2172 bus
155 2117 345 2174 emendationem
372 2118 520 2182 adimerem,
550 2116 595 2172 sed
620 2115 676 2187 quia
702 2127 776 2186 aegre
801 2113 890 2170 librum
910 2130 925 2170 a
944 2115 1027 2170 multis
1047 2115 1072 2170 in
1096 2116 1141 2170 hae

81 2199 188 2256 editione
199 2200 328 2257 desiderari
338 2199 518 2274 intellegebam.
540 2199 656 2271 itaquein
667 2213 697 2253 eo
708 2197 906 2270 recognoscendo
917 2204 1012 2268 praeter
1022 2197 1106 2254 ducas
1116 2204 1142 2254 et

81 2283 215 2341 laboriosas
232 2281 369 2341 Sdmorzit‘
385 2285 466 2356 copias
482 2286 507 2340 in
523 2283 607 2356 primis
623 2282 714 2354 optima
731 2279 849 2350 andeva'ei
865 2279 987 2338 odones·
1000 2283 1141 2338 recensione

82 2367 178 2424 Parisis
201 2383 263 2424 anno
280 2371 349 2425 1848
370 2369 433 2424 edita
454 2374 479 2424 et
499 2367 636 2424 scholaruum
654 2365 799 2422 Gallicarum
817 2365 873 2421 usui
888 2366 1069 2422 accommodata
1082 2382 1142 2422 usus

80 2465 145 2507 mun.
176 2466 233 2506 nam
254 2451 285 2508 de
304 2451 372 2508 libris
393 2452 580 2522 manuscriptis
601 2451 654 2522 ipse
675 2465 725 2505 non
746 2449 863 2522 quaesivi,
885 2455 910 2505 et
928 2465 990 2521 quos
1010 2450 1074 2506 forte
1090 2450 1141 2506 col·

81 2535 147 2592 lotos
171 2533 245 2591 habui
266 2536 340 2601 duos,
368 2536 471 2592 alterum
494 2535 697 2592 Mediolanensem
716 2532 877 2589 bibliothecae
896 2533 1054 2606 Braydensis‚
1083 2534 1142 2588 olim

82 2617 223 2674 Patauinum
242 2634 320 2691 eoque
338 2619 461 2675 nominee
476 2618 613 2674 Scinwamio
630 2622 788 2688 usurpatum,
808 2616 910 2672 alterum
920 2617 1140 2690 Guelferbytanum,

82 2703 124 2774 qui
135 2709 173 2757 ast
185 2702 248 2757 inter
259 2702 379 2758 Gudianus
388 2717 489 2758 numero
499 2704 549 2768 45,
570 2707 699 2772 auumque
715 2699 868 2756 chartaceum
884 2700 980 2756 saeculo
1001 2701 1084 2772 quinto
1099 2700 1142 2756 de·

83 2786 149 2841 cimo
161 2786 292 2856 scriptum,
314 2800 398 2842 eorum
412 2786 610 2858 exiguumusum
620 2799 674 2840 esee
684 2784 796 2857 eognov'c
820 2783 932 2840 videntur
948 2789 1030 2839 autem
1045 2782 1142 2838 codices

82 2869 225 2941 panegyrici
245 2874 340 2938 praeter
359 2884 448 2940 paucas
469 2868 619 2925 menrbranas
639 2868 781 2938 rescriptas,
802 2865 919 2938 equibm
939 2866 1018 2922 variae
1039 2867 1142 2937 scriptu·

82 2968 124 3008 rae
143 2951 173 3006 ab
195 2952 289 3025 Angelo
309 2951 372 3008 ldaio
390 2953 516 3008 adnotatae
532 2959 590 3008 sunt
609 2966 671 3006 anno
689 2953 758 3008 1815
774 2949 798 3006 in
814 2949 952 3022 Symmachi
973 2951 1077 3007 editiom
1091 2949 1142 3005 lde·

83 3035 232 3101 dolmensi,
253 3041 372 3108 quotquot
393 3041 476 3091 entem
489 3050 573 3091 omnes
591 3050 622 3090 ex
638 3048 687 3089 uno
707 3033 818 3105 exemplo
839 3033 935 3089 saeculo
950 3034 1033 3106 quinto
1048 3034 1142 3090 decimo

81 3125 181 3190 reperto
192 3119 259 3175 ducti
269 3133 331 3174 esse.
351 3135 409 3175 nam
420 3119 484 3192 quod
497 3118 639 3174 Duobuerus
654 3118 680 3172 in
690 3117 767 3174 Musei
787 3115 896 3173 Rhenanl
916 3117 1040 3173 novissimi
1059 3124 1079 3173 t
1100 3116 1141 3184 ΙΙΙ,

81 3218 106 3273 p.
115 3205 169 3260 154
180 3202 289 3258 codicem
294 3201 435 3258 Vaticanum
444 3205 513 3260 8461
524 3203 618 3258 docimo
627 3201 724 3257 saeculo
734 3200 851 3272 seriptum
861 3215 914 3256 esse
923 3200 989 3266 dicit
1001 3201 1142 3272 nescioquo

82 3291 184 3341 auctore
195 3286 266 3342 dicat
293 3285 352 3342 mibi
363 3293 429 3342 certe
438 3285 555 3341 Henricns
564 3285 685 3341 Brunnius
695 3299 723 3340 ea
734 3284 764 3341 de
773 3299 800 3340 re
809 3284 973 3358 interrogatus
985 3299 1040 3340 eum
1054 3283 1143 3340 librum

82 3383 133 3424 non
147 3369 227 3442 magis
243 3385 315 3442 quam
325 3370 431 3443 reliquos
446 3369 586 3443 panegyrici
600 3369 710 3437 codices,
731 3368 772 3440 qui
792 3374 850 3424 sunt
870 3369 896 3424 iu
916 3367 1063 3424 bibliotheca
1077 3367 1143 3423 Vati·

84 3467 146 3508 cana
167 3467 268 3509 numero
296 3459 367 3520 octo,
393 3454 424 3510 ad
455 3454 565 3527 quinmm
586 3452 707 3508 dedmnm
727 3452 851 3508 saeculum
870 3452 990 3523 pertinere
1011 3450 1142 3524 respondit

81 3551 164 3609 neque
186 3537 332 3594 dissentiunt
351 3537 382 3593 ab
403 3537 452 3593 hoc
470 3537 558 3594 iudicio
576 3537 709 3610 son‘pturac
725 3551 739 3592 a
753 3534 891 3592 Schwarnio
906 3535 1042 3593 ellatieano
1059 3533 1144 3590 ecdico
