2580 3978
171 281 191 342 2
597 277 630 340 G.
654 278 752 340 PblNI

173 430 393 493 contubernales
413 432 448 492 ab
466 431 591 492 editione
606 448 664 491 non
677 431 849 508 abhorrere,
865 433 890 492 si
906 432 991 492 modo
1006 442 1037 493 tu
1051 432 1172 494 fortasse

146 516 263 577 berrori
277 525 377 576 nostro
389 514 483 576 album
495 513 635 575 calculum
649 514 799 576 adieceris.
820 515 873 576 Est
886 518 960 576 enim
971 514 1056 595 plane
1069 514 1173 595 aliquid

170 597 328 678 edendum,
357 608 442 678 atquo
464 601 568 658 utinam
590 598 648 658 boc
670 601 847 676 potissimum
867 599 944 677 quod
965 608 1091 678 paratum
1116 598 1171 660 est!

153 699 155 703 ’
170 681 265 760 (audis
280 683 405 744 desidiae
416 682 528 761 votum)
541 681 682 756 edendum
694 691 789 742 autern
802 701 839 742 ex
850 680 979 761 pluribus
995 684 1100 762 causis,
1116 701 1172 743 ma·

168 767 244 826 ximo
270 767 346 845 quod
366 765 457 826 libelli
483 783 555 844 quos
581 765 724 826 emisimus
746 765 876 827 dicuntur
893 768 922 826 in
942 767 1072 827 manibus
1092 774 1193 843 esset

170 852 297 927 quamvis
314 853 368 909 iam
383 851 500 927 gratiam
514 851 645 910 novitatis
662 849 805 919 exuerint;
826 851 879 910 nisi
893 845 986 910 tamen
998 851 1112 911 auribus
1122 869 1171 910 no·

170 935 235 994 stris
253 931 426 1012 bibliopolae
442 931 628 993 blandiuntur.
665 931 723 992 Sed
740 951 809 994 sane
822 933 1015 1009 blandiantur,
1040 933 1106 994 dum
1120 953 1173 1013 per

169 1016 225 1076 hoc
239 1015 415 1077 mendacium
428 1016 512 1077 nobis
529 1015 621 1077 studia
633 1023 731 1075 nostra
747 1016 952 1100 commendent.
985 1015 1066 1078 Vale.
1086 1027 1089 1031 ’

637 1148 688 1210 111.
719 1175 733 1194 ..

405 1247 432 1296 o.
450 1247 575 1298 rnrurus
592 1247 722 1298 anurnio
741 1248 825 1298 nuno
844 1247 903 1299 sno
920 1247 946 1298 s.
1180 1186 1219 1238 ω

147 1358 163 1410 l
236 1345 310 1419 Quid
327 1348 385 1423 agit
402 1342 538 1424 Comum,
554 1356 619 1408 tuae
636 1366 774 1426 meaeque
789 1344 930 1408 deliciae?
952 1346 1019 1426 quid
1035 1347 1172 1410 suburba-

168 1448 235 1490 num
254 1427 504 1508 amoenissimum?
530 1429 597 1509 quid
617 1429 666 1491 illa
685 1433 814 1511 porticus
832 1449 920 1491 verna
940 1428 1079 1509 semper?
1106 1433 1172 1510 quid

168 1513 302 1593 platanon
318 1509 529 1591 opacissimus‘l
551 1514 618 1592 quid
628 1514 753 1593 Euripus
767 1514 865 1574 viridis
880 1522 910 1573 et
921 1511 1091 1592 gemmeus?
1106 1515 1172 1594 quid

168 1597 316 1658 subiectus
334 1605 364 1656 et
384 1598 513 1656 serviens
536 1595 636 1658 lacus?
658 1598 725 1678 quid
744 1596 792 1658 illa
812 1597 906 1658 mollis
922 1607 951 1658 et
973 1589 1067 1658 lamen
1080 1599 1217 1660 solidato

168 1677 314 1759 gestatio?
334 1679 401 1759 quid
420 1678 561 1740 balineum
581 1680 667 1760 titud,
697 1682 773 1760 quod
794 1680 930 1760 plurimus
954 1680 999 1741 sol
1020 1681 1119 1761 implet
1142 1693 1171 1744 et
1192 1719 1200 1726 ·

170 1761 320 1825 circumit?
337 1763 404 1842 quid
418 1762 539 1825 triclinia
552 1763 601 1825 illa
616 1764 774 1845 popularia,
787 1764 835 1825 illa
844 1761 1018 1845 paucorum?
1040 1766 1107 1844 quid
1122 1785 1171 1827 cu·
1273 1816 1277 1828 .

168 1847 263 1909 bioula
280 1847 376 1907 diurna
392 1845 552 1907 nocturna?
572 1847 722 1910 Possident
737 1859 767 1910 te
783 1859 812 1910 et
829 1850 979 1928 pervices
995 1848 1171 1928 partiuntur?

142 1941 220 2010 nan,
241 1941 272 1992 ut
286 1929 419 2008 solebas,
442 1931 597 1992 intentione
616 1935 659 1994 rei
676 1933 817 1994 familiaris
832 1932 979 1994 obeundae
997 1933 1105 1994 crebris
1122 1953 1171 1995 ex-

168 2014 348 2077 cursionibus
362 2011 512 2074 evocaris?
534 2015 564 2076 st
580 2024 610 2076 te
606 2017 795 2104 possident,
815 2016 887 2076 felix
902 2016 1062 2097 beatusque
1077 2037 1125 2087 es;
1147 2020 1217 2082 sito

144 2102 271 2178 dminus,
287 2117 359 2160 unus
374 2117 412 2159 ex
425 2097 530 2159 multis.
565 2097 638 2171 Quin
650 2109 680 2160 tu
695 2101 824 2181 (tempus
840 2109 885 2161 est
899 2102 989 2181 enim)
1004 2101 1125 2162 humiles
1142 2112 1172 2163 et

167 2184 296 2245 sordidas
321 2201 403 2244 curas
424 2181 487 2243 aliis
504 2183 617 2244 mandas
639 2194 668 2246 et
688 2187 753 2264 ipse
772 2195 802 2246 te
820 2187 849 2244 in
870 2184 928 2246 alto
943 2187 999 2246 isto
1015 2187 1171 2264 pinguique

168 2285 290 2328 secessu
310 2265 411 2326 studiis
431 2264 562 2327 adseris?
583 2266 647 2327 lloc
669 2271 705 2328 sit
725 2259 872 2344 negotium
887 2277 981 2346 tuum,
998 2268 1055 2329 hoo
1071 2270 1171 2346 otium,

167 2349 215 2410 bic
230 2350 328 2427 labor,
344 2349 417 2409 baec
434 2350 532 2428 quies:
551 2352 580 2410 in
594 2350 639 2411 bis
657 2350 770 2429 vigilia,
786 2352 815 2409 in
830 2351 875 2410 bis
891 2353 975 2411 etiam
994 2369 1110 2413 somnus
1124 2371 1169 2412 re-

144 2443 295 2511 4ponatur.
331 2431 446 2510 Effinge
471 2433 577 2513 aliquid
595 2444 624 2495 et
644 2433 755 2495 exoude
773 2433 850 2513 quod
873 2435 910 2494 sit
928 2443 1069 2513 perpetuo
1084 2441 1219 2496 tuum.25

166 2515 238 2576 Nam
252 2516 363 2595 reliqua
378 2534 472 2576 rerum
488 2526 597 2578 tuarum
611 2528 677 2598 post
690 2526 720 2579 to
732 2517 817 2578 alium
831 2524 916 2598 atque
932 2517 1015 2577 alium
1029 2517 1172 2580 dominum

168 2603 332 2678 sortientur,
347 2600 404 2660 hoc
420 2618 568 2680 numquam
579 2612 656 2663 tuum
668 2602 781 2664 desinet
793 2620 872 2679 esse,
890 2603 915 2662 si
927 2601 1017 2662 semel
1029 2605 1168 2681 coeperit.

146 2685 238 2747 oScio
257 2703 341 2764 quem
355 2685 494 2763 animum,
516 2685 593 2764 quod
608 2685 706 2747 horter
719 2687 871 2766 ingenium.
901 2685 943 2746 'lu
957 2685 1042 2747 modo
1059 2686 1172 2747 enitere

166 2778 197 2830 ut
211 2771 262 2832 tibi
278 2771 342 2849 ipse
357 2770 396 2830 sis
412 2769 490 2870 tanti)
497 2772 592 2848 quanti
601 2769 747 2832 videberis
758 2769 820 2832 aliis
838 2772 863 2831 si
877 2769 928 2832 tibi
943 2770 1041 2832 fueris.
1073 2768 1155 2831 Vale.

634 2900 700 2962 lllla
716 2931 717 2936 ¹

305 2999 332 3051 c.
350 3000 475 3052 rnruros
493 3000 656 3052 rournrnn
673 2963 855 3052 conseruare
875 3000 988 3052 soonur
1004 3001 1030 3056 o.

143 3114 158 3165 1
232 3098 373 3174 Quantum
389 3089 535 3179 copiarum
550 3103 578 3161 in
594 3098 782 3179 Ocriculano,
797 3102 825 3160 in
841 3098 1007 3180 Namiensi‚
1023 3103 1052 3162 in
1067 3100 1171 3163 Carsu·

166 3184 243 3262 lano,
258 3185 286 3244 in
301 3183 438 3244 Perusino
454 3183 517 3245 tuo!
542 3187 571 3245 in
585 3182 735 3245 Narniensi
754 3201 825 3245 vero
841 3185 925 3245 etiam
942 3184 1092 3246 balineum.
1123 3183 1172 3245 llx

167 3266 298 3347 epistulis
318 3269 390 3328 meis
412 3268 491 3346 (narn
512 3270 566 3328 iarn
584 3269 640 3330 tuis
658 3286 731 3348 opus
745 3287 802 3329 non
818 3267 879 3347 est)
895 3286 949 3328 una
964 3268 1012 3329 illa
1026 3270 1123 3330 brevis
1140 3279 1218 3332 et35

142 3363 250 3416 aretas
268 3350 384 3412 suflicit.
418 3350 483 3412 Non
500 3370 546 3412 mo
563 3351 690 3414 Hercule
704 3362 761 3414 tam
775 3371 838 3413 mea
852 3361 917 3414 sunt
935 3371 1009 3430 quae
1023 3371 1087 3413 mea
1103 3362 1171 3414 sunt

168 3454 251 3515 quarn
264 3453 337 3514 quae
352 3445 413 3496 tua:
430 3435 487 3497 boc
498 3446 591 3497 tamea
609 3436 757 3514 differunt,
776 3437 853 3516 quod
869 3435 1019 3498 sollicitius
1034 3446 1064 3498 et
1078 3439 1170 3498 inten-

145 3521 224 3582 3tius
242 3521 282 3581 tui
297 3537 443 3610 mquam
457 3523 513 3582 mei
526 3523 679 3602 excipiunt.
699 3519 779 3584 Idem
793 3520 915 3582 fortasse
930 3522 1044 3582 eveniet
1060 3521 1128 3600 tibi,
1145 3521 1171 3581 si

1180 2854 1219 2908 30
