2584 3972
612 295 646 360 0.
668 295 766 358 PLINI

642 448 719 510 Vlll.

376 551 403 602 c.
423 547 548 601 rnrurus
566 547 701 599 maruno
720 543 866 599 unnrauo
886 545 946 598 suo
965 545 991 598 S.

159 683 175 734 1
251 666 405 729 Gratularis
426 666 492 726 mihi
514 666 590 746 quod
610 666 772 744 acceperim
788 674 962 743 auguratum.
990 661 1055 722 lure
1070 662 1196 741 gratula-

182 755 240 831 ris,
263 755 399 831 primum,
422 751 499 830 quod
521 751 680 828 gravissimi
695 750 832 828 principis
847 747 982 809 iudicium
996 747 1024 805 in
1036 747 1194 809 minorihus

183 839 269 898 etiam
286 837 373 896 rebus
391 836 531 914 consequi
546 833 764 913 pulchmmest,
782 832 896 909 deinde,
913 829 989 910 quod
1000 830 1218 891 sacerdotiumo

185 922 280 998 ipsum
304 938 367 979 cum
390 920 516 999 priscum
542 929 572 980 et
590 916 758 996 religiosum
778 926 837 977 tum
857 916 915 976 iroc
937 931 1052 993 quoquc
1081 932 1196 976 sacrum

159 1004 274 1082 apiano
299 1013 328 1064 et
352 1003 466 1081 insigne
488 1012 533 1064 est
561 1000 639 1081 quod
663 1017 720 1061 non
746 999 875 1061 adimitur
898 1000 1015 1058 viventi.
1049 996 1121 1058 Nam
1140 999 1197 1060 alia

186 1106 354 1167 quamquam
373 1085 509 1165 dignitate
524 1084 730 1166 propemodum
743 1086 822 1164 paria
835 1093 867 1144 ut
882 1083 1042 1143 tribuuntur
1056 1084 1100 1144 sic
1114 1084 1198 1144 aufe·

158 1181 302 1249 arantur,
328 1173 356 1230 in
377 1171 434 1231 hoc
456 1170 585 1230 fortunae
609 1170 748 1230 hactenus
771 1168 841 1230 licet
863 1177 894 1228 ut
917 1167 975 1227 dari
994 1169 1095 1246 possit.
1126 1166 1197 1228 Mihi

184 1273 255 1316 vero
276 1254 346 1315 illud
371 1258 455 1316 etiam
474 1247 667 1332 gratulatione¹
688 1253 803 1331 dignum
821 1252 935 1312 videtur
963 1250 1040 1330 quod
1062 1253 1196 1313 successi
1205 1266 1239 1318 10

184 1338 258 1401 lulio
273 1338 422 1417 Frontino,
439 1340 562 1421 principi
577 1340 651 1416 viro,
670 1339 717 1416 qui
731 1356 777 1397 me
794 1337 991 1397 nominationis
1009 1334 1055 1396 dic
1070 1354 1125 1414 per
1140 1337 1196 1397 hos
1283 1335 1284 1338 ’

185 1427 335 1483 continuos
355 1440 443 1483 annos
466 1426 540 1482 inter
564 1422 722 1483 sacerdotis
742 1421 921 1498 nominabat,
945 1428 1085 1499 tamquam
1105 1421 1135 1480 in
1151 1420 1196 1480 lo·

186 1524 249 1566 cum
271 1523 354 1567 suum
375 1515 540 1584 cooptaret3
566 1505 738 1584 quodnuuc
760 1513 880 1566 eventus
899 1506 937 1565 ita
959 1502 1147 1581 conprobavit
1164 1514 1195 1565 ut
1283 1519 1284 1542 ι

159 1599 244 1653 anon
258 1589 405 1650 fortuitum
418 1588 571 1650 rideretur.
603 1588 644 1649 Te
658 1588 788 1669 quidem,
804 1597 834 1648 ut
851 1589 965 1664 scribis,
980 1588 1018 1647 ob
1034 1586 1091 1647 hoc
1105 1591 1194 1648 maxi·

186 1692 232 1734 me
250 1672 375 1734 delectat
388 1681 542 1752 auguratus
563 1691 644 1734 meus
661 1674 737 1752 quod
757 1671 795 1732 Μ.
814 1670 924 1732 Tullius
939 1689 1030 1748 augur
1043 1670 1103 1731 iuit.
1123 1670 1238 1733 Lae-15

152 1819 155 1827 Δ
188 1759 255 1819 taris
277 1759 352 1817 enim
369 1758 445 1837 quod
461 1756 618 1817 honoribus
642 1759 704 1818 eius
724 1757 852 1818 insistam
873 1773 957 1835 quem
978 1754 1113 1816 aemulari
1135 1765 1195 1816 stu·

159 1856 174 1905 5
189 1840 241 1902 diis
259 1841 354 1918 cupio.
387 1840 446 1900 Sed
461 1842 582 1916 utinam,
602 1849 633 1900 ut
650 1839 840 1900 sacerdotium
857 1839 949 1916 idem,
968 1847 1000 1900 ut
1016 1838 1196 1900 consulatum

186 1923 275 1985 multo
291 1926 374 1985 ctiam
388 1925 517 1986 iuvenior
531 1941 615 2003 quam
627 1923 677 1983 ille
694 1941 757 1985 sum
773 1932 965 2000 consecutus,
980 1923 1020 1984 ita
1034 1941 1124 1984 senex
1138 1922 1195 1984 sal·

157 2021 173 2074 6
187 2018 245 2070 tem
262 2009 405 2086 ingenium
420 2010 482 2069 eius
497 2008 591 2086 aliqua
607 2018 738 2085 exparte
755 2006 873 2086 adsequi
889 2005 1020 2085 possem!
1041 2006 1099 2068 Sed
1113 2008 1194 2068 uimi-

187 2111 266 2171 rum,
288 2110 361 2171 quaa
377 2101 441 2155 sunt
461 2095 490 2152 in
505 2109 587 2152 manu
602 2091 744 2152 hominum
764 2100 793 2152 et
813 2091 880 2149 mihi
897 2100 927 2153 et
948 2090 1042 2152 multis
1064 2093 1238 2169 contige-20

186 2187 263 2255 runt,
279 2175 349 2236 iliud
365 2194 435 2237 vero
447 2187 477 2238 ut
492 2177 584 2256 apisci
599 2177 716 2236 arduum
730 2177 772 2236 sic
786 2177 870 2236 etiam
885 2191 1003 2254 sperare
1018 2176 1134 2235 nimium
1146 2186 1194 2238 cst

186 2261 264 2339 quod
281 2259 341 2321 dari
355 2276 412 2321 uon
423 2261 478 2321 nisi
493 2279 509 2320 a
526 2259 579 2320 diis
594 2269 702 2338 potest.
734 2258 814 2318 Vale.

708 2408 732 2469 1.

400 2505 428 2556 G.
447 2505 571 2558 PLINIUS
588 2408 746 2559 CORledllddO
765 2507 848 2560 URSO
865 2507 924 2560 SUO
944 2507 970 2563 S.
1202 2557 1237 2610 25

163 2638 178 2689 1
250 2623 370 2687 Causam
387 2643 441 2704 per
458 2626 513 2686 hos
528 2625 589 2687 dics
606 2626 675 2692 dixit
691 2624 779 2687 lulius
793 2625 911 2706 Bassus,
926 2628 1011 2688 homo
1031 2626 1193 2690 laboriosus

187 2720 216 2773 et
230 2711 358 2774 adversis
374 2710 433 2771 suis
448 2709 551 2771 clarus.
573 2710 734 2772 Accusatus
751 2720 796 2772 est
811 2712 864 2773 sub
877 2712 1055 2791 Vespasiano
1069 2729 1085 2770 a
1098 2713 1193 2791 priva·
1282 2770 1283 2786 ,

184 2797 222 2857 tis
244 2795 371 2872 duobus,
396 2793 431 2854 ad
446 2803 574 2856 senatum
587 2797 725 2857 remissus
741 2794 787 2855 diu
802 2793 957 2875 pependit,
981 2794 1093 2857 tandem
1107 2795 1192 2856 ahso-
1282 2799 1283 2878 ζ

159 2878 262 2941 alatus
276 2878 503 2957 vindicatusque.
529 2877 620 2937 Titum
641 2881 731 2940 timuit
746 2888 778 2940 ut
791 2878 942 2940 Domitiani
960 2881 1084 2956 antium,
1101 2878 1192 2939 aDo-
1282 2915 1283 2952 t

184 2963 298 3023 mitiano
319 2960 465 3038 relegatus
488 2970 550 3022 est:
575 2971 730 3024 revocatus
747 2981 763 3022 a
779 2962 875 3026 Nerva
898 2964 1073 3041 sortitusque
1094 2962 1233 3039 Bithy-st
1282 2956 1283 3012 i

184 3047 259 3106 uiam
279 3044 364 3106 rediit
384 3062 469 3123 rcus,
487 3054 638 3106 accusatus
659 3065 716 3108 non
735 3048 827 3108 minus
846 3049 952 3108 acriter
971 3063 1054 3126 quam
1068 3045 1194 3108 fideliter

184 3130 331 3191 defensus.
357 3127 456 3190 Varias
472 3132 628 3192 sententias
649 3131 762 3210 habuit,
782 3129 880 3210 plures
896 3140 990 3192 umen
1004 3131 1084 3210 quasi
1099 3133 1192 3192 mitio·

160 3223 244 3277 tres.
274 3211 342 3291 Egit
357 3221 455 3274 contro
471 3231 536 3274 eum
550 3213 722 3294 Pomponius
737 3213 845 3292 Rufus,
867 3216 912 3275 vir
927 3224 1040 3293 paratus
1057 3222 1086 3274 et
1102 3213 1192 3275 vehe-

183 3314 279 3357 mens:
295 3295 370 3358 Ruio
384 3300 528 3360 successit
544 3297 745 3379 Theophanes,
761 3317 834 3360 uuus
849 3317 887 3359 ex
902 3298 1022 3376 legatis,
1039 3297 1087 3358 iax
1104 3315 1191 3359 accu-

158 3381 303 3442 4satiouis
322 3388 350 3440 et
366 3382 457 3458 origo.
483 3380 631 3461 Respondi
646 3401 713 3461 ego.
742 3381 813 3443 Nam
827 3382 894 3442 mihi
908 3381 1014 3444 Bassus
1029 3382 1192 3443 iniunxerat
1199 3391 1233 3445 35

182 3469 213 3523 ut
233 3463 321 3523 totius
342 3462 517 3528 defensionis
538 3467 716 3528 fundamenta
733 3468 877 3545 iacerem,
902 3465 1028 3527 dicerem
1050 3463 1085 3524 de
1108 3481 1190 3525 crua-

183 3547 286 3606 meutis
308 3547 386 3626 suis,
409 3565 481 3628 quae
504 3549 547 3609 iili
563 3559 593 3611 st
612 3550 786 3627 exgeneris
809 3548 937 3612 claritate
955 3559 984 3610 ct
999 3567 1036 3608 ex
1050 3548 1191 3630 periculis
