2580 3970
372 282 638 348 PANEGYRIGUS
652 297 695 351 58.
710 298 753 353 59.
768 299 812 354 60.
1040 293 1103 357 275

159 431 215 493 Sed
230 433 284 492 iam
299 443 411 514 tempus
427 445 515 498 astte
533 439 589 517 ipsi
605 439 764 502 consulatui
783 450 945 521 praestare,
971 455 1002 506 ut
1016 449 1101 510 maio·
1113 450 1154 512 59

94 529 236 577 rem'enm
253 519 437 596 suscipiendo
451 521 638 600 gerendoque
660 523 758 587 iacias.
790 524 861 584 Nam
882 529 997 607 saepius
1019 549 1101 592 racu-

93 617 159 662 sare
182 600 339 678 ambiguam
353 620 387 662 ac
405 607 501 682 potius
523 603 600 665 illam
616 608 883 687 interpretationem
905 610 1007 690 babet,
1032 623 1100 674 tam·

93 701 177 764 qnam
192 685 329 746 minorem
345 695 438 764 putes.
472 687 513 747 l'u
530 688 643 768 quidem
656 700 687 751 ut
702 693 849 751 rumimunt
865 697 1026 765 ¹recusasti;
1047 699 1101 758 sed

62 770 146 831 5boc
159 768 334 847 persuadere
348 772 451 831 nemini
466 773 587 850 poteris,
605 775 659 834 nisi
673 774 823 854 aliquando
836 785 866 836 et
878 792 934 837 non
948 797 1100 841 recusare·

91 855 140 913 ris.
165 849 236 912 (lum
248 869 348 930 arcus,
363 871 426 913 curn
437 863 563 934 tropaea,
582 875 645 916 curu
657 866 764 920 statuas
775 859 958 938 deprecaris,
974 863 1099 925 tribuen-

54 996 57 1008 ,
92 937 127 996 da
147 944 192 996 cst
212 935 402 998 verecundiae
424 947 490 999 tuae
509 941 609 1009 venia3
634 940 681 1001 illa
703 945 777 1003 enim
798 961 865 1004 sane
888 945 938 1004 tibi
959 943 1100 1009 dicantur:

91 1039 166 1080 nnnc
192 1037 262 1079 vero
283 1020 459 1099 postulamus
486 1032 517 1083 ut
542 1023 652 1084 luturos
680 1028 825 1106 principes
851 1026 956 1090 doceas
981 1031 1099 1093 inertiae

90 1105 268 1181 renuntiare,
290 1102 439 1184 paulisper
452 1105 570 1168 delicias
585 1108 716 1185 differre,
738 1108 885 1190 paulisper
903 1120 932 1170 et
947 1112 1049 1176 saltem
1064 1116 1099 1176 ad

47 1189 290 1253 lobrerissimnm
311 1196 424 1266 tempus
446 1207 483 1250 en
502 1189 554 1250 illo
574 1191 720 1254 felicitatis
742 1211 842 1254 somno
864 1194 943 1256 velut
959 1201 1097 1260 excitatos

89 1270 208 1331 induere
230 1281 424 1351 praetentam,
454 1289 553 1352 qnam,
580 1293 643 1335 cum
664 1276 731 1337 dare
749 1287 887 1357 possent,
920 1283 1096 1359 occuparint,

90 1354 249 1415 ascendere
265 1355 408 1433 curulem,
434 1374 517 1437 quam
533 1358 693 1440 detineant,
716 1379 783 1421 esse
799 1360 921 1440 denique
938 1364 1014 1441 qnod
1030 1383 1097 1425 con·

90 1440 257 1518 cupierunt,
282 1457 338 1500 nec
363 1438 428 1501 ideo
457 1451 563 1502 tantum
590 1442 667 1504 uelle
694 1444 828 1506 consules
849 1446 910 1505 lieri
931 1456 962 1507 nt
982 1447 1094 1508 inerint.

91 1521 212 1584 Gessisti
231 1521 351 1584 alterum
372 1525 567 1603 consulatum,
597 1529 675 1587 scio:
701 1527 781 1586 illum
801 1529 993 1609 exercitibus,
1016 1531 1096 1592 illum

46 1620 81 1672 15
93 1608 266 1688 provinciis,
281 1606 360 1667 illurn
371 1611 455 1669 etiarn
469 1611 577 1671 exteris
592 1612 725 1688 gentibus
743 1614 852 1691 poteris
869 1613 1016 1693 inputare,
1039 1633 1096 1676 non

90 1701 175 1771 potes
189 1691 280 1751 nobis.
302 1691 439 1754 Audimus
458 1693 571 1773 quidem
588 1704 617 1754 te
633 1711 716 1756 omne
729 1715 829 1758 munus
844 1698 971 1761 consulis
986 1699 1094 1775 obisse,

89 1775 142 1836 sed
157 1774 294 1836 andimus.
321 1775 435 1838 Diceris
455 1777 626 1840 iustissimus
641 1778 856 1841 humanissimus
872 1783 1095 1859 patientissimus

88 1860 196 1936 luisse,
213 1860 266 1920 sed
283 1859 396 1923 diceris.
424 1861 555 1940 Aequum
570 1871 615 1923 est
629 1862 779 1942 aliquando
793 1878 847 1923 nos
861 1864 966 1925 iudicio
983 1875 1093 1945 nostro,

90 1943 183 2004 oculis
192 1942 308 2022 nostris,
320 1961 376 2003 non
388 1943 478 2004 lamae
490 1963 605 2026 semper
615 1955 644 2006 et
655 1948 816 2007 rumoribus
827 1947 957 2011 credere.
982 1947 1093 2022 Quous-

44 2040 145 2106 20que
158 2027 291 2088 absentes
303 2027 338 2087 de
351 2026 470 2088 absente
481 2026 688 2107 gaudebimus?
698 2029 795 2090 liceat
807 2032 931 2109 experiri
942 2049 976 2092 an
988 2031 1094 2111 aliquid

88 2111 240 2191 superbiae
254 2111 305 2171 tibi
320 2109 368 2170 illc
388 2112 452 2190 ipsa
467 2112 611 2173 secundus
626 2113 789 2174 consulatus
805 2113 940 2174 attulerit.
975 2113 1093 2177 lllultum

87 2199 116 2255 in
131 2193 325 2256 conmutandis
339 2196 464 2256 moribus
478 2195 619 2256 hominum
635 2197 745 2258 medius
759 2216 847 2257 annus
860 2197 954 2276 valet,
976 2201 1004 2258 in
1018 2200 1093 2278 prin·

89 2281 185 2358 cipum
204 2279 280 2358 plus.
317 2278 444 2339 Dicimus
466 2281 597 2360 quidem,
630 2284 676 2341 cui
703 2283 792 2344 virtus
819 2281 912 2360 aliqua
937 2285 1093 2360 contingat,

88 2380 187 2424 omues
207 2365 318 2424 inesse:
344 2364 473 2442 cupimus
494 2373 586 2425 tannen
609 2366 734 2445 experiri
755 2383 791 2426 an
811 2384 886 2425 nunc
904 2383 1019 2446 quoque
1040 2385 1094 2427 una

44 2446 245 2526 tseademque
258 2465 306 2507 res
321 2447 359 2506 sit
374 2447 466 2507 bonus
482 2447 582 2508 consul
598 2457 628 2508 et
643 2449 735 2511 bonus
751 2451 896 2529 princeps.
925 2449 996 2512 Nam
1011 2469 1093 2529 prae·

86 2540 133 2590 ter
145 2530 174 2589 id
189 2529 266 2610 quod
279 2540 324 2593 est
338 2530 471 2610 arduum,
493 2531 562 2593 duas
578 2551 687 2613 easque
705 2533 788 2594 sirnul
806 2551 911 2612 capere
934 2543 1093 2613 potestates

86 2633 219 2692 summas,
234 2624 293 2674 tum
307 2616 382 2675 inest
395 2617 508 2695 utrique
523 2633 580 2676 non
594 2616 672 2677 nulla
688 2617 848 2694 diversitas,
862 2634 925 2676 cum
935 2619 1093 2697 principem

87 2716 172 2777 quam
185 2698 367 2760 aeditimum
379 2717 446 2761 esse
454 2702 594 2779 privato,
607 2702 762 2762 consulem
772 2717 864 2778 qoam
879 2699 1093 2762 dissimillimum

86 2783 200 2842 deceat.
231 2782 328 2862 Atque
344 2801 401 2861 ego
416 2783 501 2845 video
516 2786 645 2864 proximo
665 2802 737 2845 anno
758 2783 922 2845 consulatus
941 2784 1091 2844 recusandi
1102 2789 1144 2850 60

43 2867 159 2931 abbane
172 2868 353 2948 praecipuam
363 2867 454 2928 luisse
466 2871 614 2946 rationem,
631 2868 707 2947 quod
719 2887 783 2928 eum
797 2867 901 2928 abserm
916 2886 1021 2945 gerere
1036 2886 1093 2928 non

84 2959 216 3030 poteras:
238 2950 289 3011 ssd
310 2952 363 3010 iarn
383 2951 446 3011 urbi
466 2954 599 3032 votisque
615 2952 737 3030 publicis
751 2950 896 3029 redditus,
920 2950 986 3031 quid
1004 2954 1093 3014 estin

86 3053 145 3114 quo
160 3037 249 3112 magis
266 3036 305 3095 sis
322 3034 528 3114 adprobaturus
545 3054 618 3114 quae
633 3046 793 3115 quantwue
810 3035 914 3096 luerint
929 3054 1002 3115 quae
1017 3037 1092 3097 desi·

86 3115 275 3180 derabarnusl
302 3117 401 3178 Parum
417 3128 462 3179 est
478 3128 508 3180 ut
524 3121 551 3178 in
568 3120 673 3179 curiam
686 3122 803 3197 venias,
819 3119 874 3180 nisi
889 3129 918 3180 et
934 3137 1091 3196 convoces,

86 3211 117 3262 ut
138 3203 254 3264 intersis
277 3203 404 3278 senatui,
433 3202 487 3262 nisi
509 3212 539 3263 ct
563 3202 743 3282 praesideas,
769 3214 799 3264 ut
815 3211 967 3263 censentes
984 3202 1091 3278 audias,

44 3295 77 3348 35
87 3287 142 3346 nisi
161 3295 190 3346 et
204 3303 354 3365 perrogas.
383 3284 435 3344 Vis
451 3284 518 3346 illud
534 3288 761 3364 angustissimum
776 3283 924 3347 consulum
941 3286 1091 3367 aliquando

85 3368 207 3430 tribunal
222 3369 360 3430 maiestati
373 3387 441 3429 suas
455 3366 601 3430 reddere?
620 3370 754 3431 ascende.
782 3370 834 3432 Vis
856 3380 988 3432 constare
1010 3388 1092 3429 rere·

86 3455 205 3514 rentiam
222 3453 446 3531 magistratibus,
463 3452 578 3531 legibus
593 3456 801 3532 auctoritatem,
815 3452 980 3515 modestiam
994 3462 1092 3534 postu·

85 3535 232 3598 lantibus?
253 3537 308 3598 adi.
337 3535 421 3611 Quod
437 3538 510 3597 anim
524 3538 678 3599 interesset
696 3540 739 3599 rei
755 3537 907 3683 pumera&
928 3540 953 3600 si
967 3539 1092 3618 privatus
