2580 3978
139 275 156 310 x
556 259 789 312 PRAEFATIO.

140 417 1055 492 euimabinterpolaticnissnspitionebcslibrosolimdelenderevulebam),
1069 419 1203 479 babentta·
1270 429 1271 484 l

140 501 1203 580 meuquaesuramsibiddemabinterpolatisillorumsoripturinuindicmtquaiureoon-
1270 515 1271 518 ’

140 592 273 650 sendmtes
283 603 340 644 oum
350 589 464 644 alterutra
474 595 544 657 parte
553 591 665 642 recentes
676 591 734 642 octo
744 585 862 642 librouun
872 587 969 643 conces
987 587 1091 660 aliquam
1106 589 1156 644 vim
1173 591 1203 646 ad

142 675 258 733 iniliciunr
266 673 402 746 regendum
411 670 622 742 baberecognori
637 671 738 736 ilenim,
748 676 776 725 ut
786 669 892 727 medium
901 671 965 728 inter
974 677 1204 744 utramqueseutam

141 763 224 817 locum
229 763 320 822 tenent,
331 757 365 812 ita
374 755 521 827 plenumque,
532 755 624 826 siquae
633 754 815 825 interpolatione
824 752 850 810 in
860 755 973 810 alterutra
978 755 1095 822 laborant,
1108 771 1165 814 cunr
1175 772 1204 814 ca

143 858 204 918 quae
214 844 334 914 integram
343 839 486 910 scripturam
496 838 598 894 samarit
608 837 714 901 iaciuntp
736 851 811 910 eaque
826 839 878 908 ipsa
886 853 926 894 res
937 841 1149 896 documento‘esse
1158 856 1204 912 po·
1270 839 1271 858 ¹

142 934 192 984 test
204 927 278 981 etiarn
287 925 313 979 in
323 923 496 994 posterioribus
505 921 587 987 libris,
599 922 624 976 in
634 921 721 994 quibus
731 928 826 993 praeter
835 921 970 978 Mediceum
979 922 1026 979 soli
1036 931 1147 981 recantes
1161 940 1203 981 co-
1270 943 1271 1020 p

142 1013 209 1068 dices
219 1008 297 1066 relicti
310 1013 380 1072 sunt,
392 1007 513 1062 interdum
524 1006 565 1061 illo
576 1011 658 1076 spreto
666 1005 712 1061 bos
722 1006 829 1078 quamvis
842 1007 920 1062 multo
927 1007 1090 1076 comptiores
1099 1023 1203 1080 sequeu-
1270 1025 1271 1082 p

144 1095 188 1150 dos
209 1107 271 1150 osse.
302 1103 381 1162 neque
399 1089 719 1162 neglegmdainbacecrte
735 1089 969 1161 epistularumparte
979 1090 1156 1148 Aldinaeditic.
1177 1093 1204 1148 in
1270 1087 1271 1140 ἒ

144 1191 256 1250 quacum
264 1174 340 1230 multa
352 1187 413 1245 quae
423 1180 479 1228 ante
489 1189 520 1228 cr
535 1173 673 1228 recentibus
684 1172 808 1229 codicibus
823 1173 1001 1244 corruptissime
1011 1189 1124 1245 expressa
1133 1176 1204 1248 lege·

144 1262 232 1317 bantur
245 1259 350 1330 primum
367 1256 401 1312 ita
418 1262 446 1313 ut
461 1263 545 1327 postea
561 1256 703 1312 inbtedicco
721 1257 805 1312 codice
815 1257 911 1313 brenta
920 1264 978 1313 sumt
995 1265 1103 1314 currema
1113 1267 1203 1326 ment,
1270 1293 1271 1316 r

144 1345 204 1400 aliae
214 1343 266 1398 eins
277 1340 368 1396 codicis
377 1341 522 1411 scripturae,
545 1354 614 1411 quae,
634 1345 663 1394 ut
673 1340 704 1395 dc
714 1339 899 1410 interpolatione
910 1356 954 1412 per
963 1355 991 1397 se
1000 1348 1129 1412 suspectae
1137 1350 1202 1408 sunt,

144 1429 177 1482 ita
188 1425 218 1482 ab
229 1425 299 1489 bldo,
317 1423 373 1479 siin
384 1439 429 1479 suc
440 1423 524 1480 codice
532 1424 669 1489 inuenisset,
678 1424 719 1478 u'x
731 1425 834 1480 omissae
843 1431 923 1480 ament
933 1441 982 1481 non
992 1433 1115 1496 apparent.
1137 1427 1203 1484 unde

142 1513 164 1566 si
174 1515 241 1564 recte
251 1506 389 1579 colligimus
395 1505 514 1562 Gallicum
521 1506 574 1561 btdi
584 1507 700 1571 codicem,
711 1506 854 1564 blediceoin
865 1509 951 1564 ueteris
961 1509 1117 1575 simillimum,
1128 1510 1203 1566 inter-

143 1593 266 1664 polatione
280 1591 344 1646 illius
355 1591 474 1655 caruisse,
484 1590 593 1661 sequitur
604 1590 630 1646 in
640 1589 725 1646 Aldina
734 1591 851 1662 scriptura
862 1605 918 1646 oum
928 1591 1036 1649 bledicco
1048 1593 1133 1650 codice
1143 1609 1202 1649 con-

143 1677 263 1732 sentiente
271 1689 388 1746 magnum
397 1673 490 1728 rasead
505 1673 576 1729 buirus
592 1673 758 1730 auctoritatem
773 1675 953 1732 sustentandam
968 1683 1126 1732 momentum.
1158 1678 1202 1734 sed

143 1761 224 1815 cautio
234 1765 260 1814 et
273 1757 399 1830 diligentia
408 1757 542 1814 adhibenda
552 1762 596 1822 est,
607 1765 639 1813 be
648 1758 723 1813 autin
734 1758 802 1814 libris
810 1765 922 1830 quattuor
931 1760 1022 1830 primis,
1034 1762 1058 1815 in
1069 1761 1157 1832 quibus
1167 1763 1201 1816 si·

144 1843 213 1898 miles
223 1841 330 1898 blediceo
341 1841 419 1897 codici
429 1841 561 1912 scripturae
570 1855 602 1896 es
611 1841 724 1897 vaticam
734 1857 778 1912 per
787 1843 896 1914 exempla
912 1849 967 1898 anta
985 1844 1100 1914 impressa
1115 1858 1203 1916 propa-

144 1932 217 1999 gatae
228 1931 309 1989 erant,
321 1924 421 1979 candem
430 1925 480 1980 vim
489 1924 551 1980 Aldu
565 1925 711 1991 tribuamus,
730 1927 807 1982 autin
817 1926 915 1999 reliquiis
925 1927 1040 1983 italorum
1050 1927 1203 1984 coniecturas

145 2025 189 2080 pro
201 2009 291 2080 antiqui
302 2008 393 2064 codicis
402 2009 527 2080 scripturis
537 2009 716 2080 amplectamur.
748 2009 886 2082 deniquein
898 2017 983 2067 octauo
995 2011 1056 2067 libro
1067 2012 1146 2067 omnin
1157 2027 1202 2083 pe-

143 2109 187 2149 nes
197 2093 285 2149 bldum
301 2098 327 2148 et
337 2091 471 2148 blediceum
483 2092 728 2149 codicemauotoritas
745 2099 795 2158 est:
816 2094 842 2150 in
862 2095 945 2165 paucis
967 2101 1048 2151 autem
1068 2094 1124 2151 libri
1143 2092 1203 2151 noni

143 2177 253 2248 epistulis
263 2189 324 2248 quae
334 2176 360 2230 in
369 2176 477 2233 bledieec
496 2176 580 2232 codiee
592 2176 679 2233 derunt
694 2183 790 2247 praeter
800 2177 888 2234 lidum
897 2186 1007 2235 recentes
1017 2185 1073 2235 octo
1084 2179 1202 2236 librorum

73 2283 76 2292 =
144 2261 242 2316 codices
251 2260 297 2314 suli
306 2260 332 2314 in
343 2259 459 2315 auxillum
468 2260 569 2316 uocandi
578 2267 642 2316 sunt
663 2276 725 2332 quae
734 2276 790 2317 cum
800 2261 834 2318 lta
845 2270 938 2328 ruent,
960 2263 1092 2333 principem
1103 2263 1202 2335 qudem

143 2344 231 2399 ducem
242 2357 315 2415 quem
324 2355 437 2414 sequerer
447 2342 509 2412 elegi
518 2343 653 2400 Mediceum
663 2345 784 2410 codicem,
795 2345 837 2400 sed
850 2345 884 2400 ita
894 2351 975 2400 tamen
985 2346 1118 2416 principem
1127 2351 1168 2411 ut,
1179 2345 1204 2400 si

143 2425 347 2490 retresluberet,
369 2426 407 2480 uel
417 2427 562 2499 reliquorum
571 2427 687 2485 librorum
696 2429 802 2484 rationes
811 2429 993 2498 persuaderent,
1012 2443 1069 2484 eum
1089 2430 1203 2485 deserere

143 2525 193 2566 non
213 2509 355 2565 dubitarem.
387 2515 458 2582 atque
473 2526 521 2582 quo
532 2512 621 2568 certius
631 2517 753 2568 comtaret
762 2525 824 2584 quae
833 2512 918 2582 optimi
928 2512 1019 2568 codicis
1028 2511 1076 2568 flde
1085 2513 1201 2570 desitura

142 2599 236 2657 meent,
259 2593 433 2664 discrepantem
449 2594 501 2650 eius
516 2595 571 2651 libri
581 2597 723 2667 scripturam
732 2596 757 2650 in
767 2594 816 2650 tlne
824 2595 977 2664 praefationis
986 2595 1106 2651 adnotari.
1127 2611 1201 2667 quam

142 2677 238 2748 quando
249 2677 395 2748 reliquorum
404 2677 520 2734 librorum
529 2680 671 2735 aumoritate
681 2679 830 2743 monuerim,
843 2679 937 2750 quando
944 2679 1089 2735 coniecturis
1093 2679 1133 2734 rel
1139 2679 1201 2734 ulio·

143 2775 198 2815 rum
208 2759 247 2814 rel
256 2761 318 2815 meis
326 2776 385 2817 usus
395 2762 449 2830 sim,
457 2761 532 2818 Curtii
543 2762 647 2819 editione
658 2761 762 2818 adbibita
768 2762 885 2834 cognosci
895 2764 992 2833 poterit.
1013 2777 1070 2819 nam
1077 2777 1134 2818 orm
1145 2778 1200 2819 om·

142 2844 182 2898 nia
194 2844 340 2900 recensionis
349 2845 466 2915 praesidia
475 2861 540 2902 nunc
549 2859 684 2916 proponere
692 2859 743 2900 ucn
756 2859 865 2915 pumen,
887 2847 971 2903 utilius
992 2847 1045 2903 lore
1065 2847 1199 2903 existimavi

142 2927 213 2982 nnius
223 2926 378 3000 eiusdemque
388 2929 472 3000 optimi
482 2929 536 2984 litori
544 2930 687 2998 scripturam
698 2927 810 2984 exhibere
819 2929 940 3002 integram
951 2945 1022 3003 qnam
1033 2930 1160 2986 collectam
1167 2930 1200 2986 de

141 3009 250 3080 pluribus
260 3011 436 3068 multitudinem
443 3025 593 3082 componere.
605 3027 653 3083 quo
663 3012 773 3068 battuta
783 3019 812 3068 ut
820 3013 923 3069 liberum
931 3015 974 3070 uni
985 3016 1071 3087 cuique
1081 3014 1200 3070 iudicium

142 3107 196 3148 osse
206 3092 284 3163 volui,
301 3095 373 3166 siqui
385 3095 485 3150 Medion
495 3094 585 3150 codicis
594 3095 769 3165 oorlpturamei
781 3097 1106 3170 quamurbstituipraestare
1115 3097 1199 3153 existi·

142 3183 249 3242 marcnt,
266 3177 363 3250 idquod
374 3179 482 3234 murnum
493 3179 639 3234 nemum
650 3179 768 3252 frequenti
778 3181 890 3238 codicum
900 3183 1057 3254 &summm
1068 3182 1152 3246 rideo,
1164 3181 1199 3238 ita

141 3260 276 3316 necmmdc
285 3261 381 3332 postulo
392 3267 420 3316 ut
429 3261 488 3317 mihi
498 3262 597 3318 modant
606 3277 647 3318 me
656 3279 706 3320 non
715 3269 807 3320 temere
818 3265 903 3336 optimi
913 3267 1056 3337 exemplaris
1070 3265 1144 3321 fldem
1155 3265 1199 3320 de·

140 3344 254 3401 semme.
285 3345 329 3400 sed
340 3345 366 3400 in
376 3345 501 3416 scripturis
510 3345 611 3403 Medicei
628 3348 719 3404 ccdcb
728 3347 901 3420 componendis
911 3363 967 3406 oum
977 3352 1070 3406 minuta
1079 3349 1199 3422 maedam

140 3441 203 3498 puae
212 3426 303 3484 nullam
313 3429 443 3486 utilitatem
452 3429 477 3485 in
487 3428 559 3487 buius
567 3431 633 3488 modi
643 3431 797 3490 mucetum
806 3432 898 3489 habere
906 3433 1047 3490 ridebantur
1056 3431 1198 3490 tumomnla

139 3521 202 3582 quae
218 3511 248 3568 ad
263 3511 461 3586 orthographiam
478 3529 539 3589 quae
556 3515 644 3573 dicitur
655 3517 778 3588 pertinent
794 3517 872 3574 umbi.
904 3523 976 3590 mque
991 3519 1017 3574 in
1034 3517 1083 3574 boc
1098 3515 1199 3588 quidm
