2584 3972
175 226 238 292 lot
598 228 630 290 G.
653 229 749 292 PblNl

149 380 303 461 uvirginali
319 380 502 442 verecundie.
534 379 573 442 llt
592 379 641 442 illa
658 383 747 460 patris
763 382 924 444 cervicibus
943 381 1124 443 inhaerebat!
1147 391 1180 444 ut

172 482 226 526 noe
241 467 350 534 amieos
367 475 502 546 paternos
518 474 548 524 et
568 473 694 526 amanter
714 474 744 526 et
764 466 895 527 modeste
916 464 1179 545 complectebatur!

173 559 204 610 ut
214 551 351 627 nutrices,
368 559 399 610 ut
411 548 609 628 paedagogos,
624 557 656 610 ut
670 560 877 628 praeceptores
891 567 944 630 pro
960 565 1016 611 suo
1031 566 1178 629 quemque

173 632 271 694 cilicio
287 631 438 712 diligebat!
453 649 537 711 quam
548 633 688 712 studiose,
706 651 789 712 quam
802 632 1005 712 intellegenter
1014 631 1178 698 teetiutu.

172 727 204 779 ut
219 734 308 796 perce
323 715 526 795 custoditeque
543 715 674 778 ludebat!
701 715 764 790 Qua
779 717 827 778 illa
843 718 1038 796 temperantia,
1054 734 1110 796 qua
1123 734 1165 796 pa
1184 737 1202 790 q

172 801 288 877 tientie,
315 801 478 880 quantiam
504 802 661 860 constantia
680 802 861 862 novissimam
882 800 1073 862 valetudinem
1097 798 1177 862 tulit!

149 882 291 948 tbledicis
304 882 534 963 obsequebatur,
555 901 700 961 sororem,
722 894 831 963 patrem
846 883 1055 962 adhortabatur,
1071 885 1177 964 ipsam·

173 986 230 1048 que
253 985 286 1028 se
308 968 471 1028 destitutam
497 968 629 1048 corporis
649 968 757 1028 viribus
782 970 883 1048 vigore
903 969 986 1028 ιιιιιιι
1007 967 1176 1030 sustinebat.

147 1050 289 1118 uberavit
303 1051 351 1111 bic
371 1050 411 1111 illi
432 1069 524 1131 usque
536 1049 573 1111 ad
585 1059 744 1114 extremum
757 1071 812 1112 neo
832 1061 880 1114 aut
896 1053 989 1129 spatio
1006 1049 1177 1114 valetudinis

172 1143 220 1196 aut
234 1144 311 1196 metu
327 1137 426 1198 mortis
441 1135 579 1197 intractus
592 1143 656 1212 ιιι,
676 1151 734 1214 quo
754 1134 853 1214 plures
869 1137 1075 1214 gravioresque
1090 1135 1176 1196 nobis
1186 1151 1218 1204 ιο

145 1229 274 1283 ficauees
287 1218 464 1298 relinqueret
478 1228 508 1280 et
521 1218 657 1280 desiderii
670 1227 700 1280 et
714 1218 832 1280 doloris.
856 1217 880 1279 0
895 1221 977 1280 triete
994 1218 1079 1299 plane
1093 1237 1176 1280 acer·

172 1303 296 1382 bamque
310 1302 409 1364 inune!
428 1320 446 1363 o
462 1311 554 1364 morte
564 1304 628 1382 ipsa
639 1304 737 1364 mortis
753 1312 866 1380 tempus
883 1301 1039 1381 indignius!
1057 1304 1112 1364 iam
1126 1302 1175 1362 de·

170 1388 270 1448 etinata
290 1396 352 1448 erat
366 1389 487 1465 egregio
503 1388 616 1465 iuveni,
637 1387 693 1448 iam
713 1386 825 1448 electus
845 1385 1098 1466 nuptiarum-dies,
1120 1387 1176 1448 iana
1214 1361 1219 1432 l
1239 1385 1253 1423 ¹⁸

147 1477 225 1532 tuos
245 1472 349 1530 vocati.
385 1469 470 1544 Quod
489 1470 622 1548 gaudium
640 1487 698 1548 quo
714 1487 844 1530 maerore
863 1478 998 1538 mutatum
1018 1468 1076 1532 est!
1108 1467 1175 1530 Non

169 1569 289 1632 possum
308 1553 469 1632 exprimere
491 1553 589 1614 verbis
609 1562 742 1632 quantum
761 1555 852 1615 animo
870 1553 979 1616 ⁴uulnus
997 1553 1173 1632 acceperim,
1183 1569 1215 1622 ιι

171 1652 235 1698 cum
249 1634 342 1698 audivi
361 1635 524 1698 Fundanum
534 1638 645 1716 ipsum,
667 1645 698 1696 ut
710 1637 797 1698 multa
812 1636 944 1700 luctuosa
958 1636 1042 1698 dolor
1055 1638 1173 1715 invenit,

170 1721 413 1801 praecipientem,
435 1719 511 1798 quod
531 1722 675 1782 investes
696 1723 844 1798 margarita
863 1739 989 1800 gemmae
1002 1720 1095 1782 luerat
1109 1738 1174 1784 ero·

146 1811 307 1883 egaturus,
328 1803 386 1865 boc
402 1805 431 1864 in
443 1812 491 1864 tue
506 1813 536 1866 et
554 1812 698 1882 unguenta
711 1813 742 1864 et
756 1805 861 1866 odores
877 1805 1089 1886 inpenderetur.
1119 1803 1175 1866 Est

170 1886 285 1966 quidem
303 1887 354 1948 ille
375 1887 501 1950 eruditus
522 1897 551 1948 et
571 1889 703 1968 sapiens,
726 1896 757 1947 ut
776 1889 825 1968 qni
844 1907 877 1950 se
897 1890 933 1950 ab
947 1889 1063 1950 ineunte
1079 1897 1173 1950 aetate

168 1970 315 2034 altioribus
334 1971 435 2034 studiis
455 1972 620 2050 artibusque
641 1971 797 2051 dediderit,
816 1972 870 2033 sed
888 1991 965 2034 nuuc
987 1973 1080 2034 omnia
1099 1985 1215 2050 quaeso

168 2055 255 2118 audiit
269 2074 376 2137 saepe,
394 2074 467 2136 quae
484 2055 556 2118 dixit
568 2064 735 2135 aspernatur
748 2055 935 2136 expulsisque
949 2055 1101 2116 vinutibue
1110 2055 1173 2117 aliis

84 2141 112 2281 X
145 2142 285 2218 9pietatie
299 2150 345 2201 est
356 2149 444 2202 totus.
466 2139 618 2218 [quoeceq
630 2139 757 2201 laudabis
771 2141 866 2218 ctiam,
881 2142 906 2200 ei
918 2141 1090 2218 cogitaveris
1105 2139 1174 2218 quid

168 2225 302 2285 amiserit.
336 2223 437 2284 Amisit
452 2227 526 2284 enim
540 2223 625 2285 filiam
638 2242 710 2304 quae
724 2240 781 2283 non
794 2225 885 2282 minus
901 2240 997 2283 mores
1013 2225 1074 2284 eine
1089 2240 1172 2302 quam

168 2323 203 2365 oe
220 2306 387 2386 vultumque
402 2306 546 2368 referebat
562 2315 710 2385 totumque
724 2316 833 2386 patrem
846 2308 915 2367 mma
928 2306 1109 2367 similitudine
1123 2325 1173 2367 er·

126 2399 160 2453 10
170 2390 335 2466 scripserat.
368 2388 491 2450 Proinde
510 2391 535 2451 ιι
549 2407 619 2468 quas
635 2389 670 2450 ad
685 2406 750 2450 eum
764 2388 801 2448 de
818 2389 919 2451 dolore
935 2399 992 2452 ιιιιι
1002 2393 1077 2452 ιιιιο
1094 2389 1212 2454 litte-re

169 2489 216 2534 ras
231 2473 347 2549 mittes,
368 2481 511 2534 memento
526 2472 661 2536 adhibere
675 2471 831 2550 solacium,
852 2490 909 2535 non
921 2475 1002 2554 quasi
1020 2476 1172 2552 castigato·

168 2556 241 2616 mum
256 2565 286 2617 et
300 2557 382 2618 nimis
397 2555 488 2636 torte,
513 2555 567 2619 sed
579 2555 667 2617 molle
682 2565 712 2617 ιι
725 2556 884 2618 humanum.
915 2556 999 2632 Quod
1013 2567 1044 2618 ut
1060 2557 1172 2618 facilius

126 2649 158 2703 11
170 2639 295 2702 admittet
309 2639 426 2702 multum
441 2639 528 2704 faciet
543 2640 628 2704 medii
643 2641 780 2720 temporis
795 2642 926 2720 spatium.
960 2641 997 2702 Ut
1014 2643 1092 2704 euim
1108 2659 1172 2702 crae

169 2723 233 2786 dum
247 2724 339 2787 adbuc
353 2724 455 2788 winus
470 2726 642 2788 medentium
655 2742 752 2786 manus
771 2724 953 2804 reformidat,
978 2725 1082 2788 deinde
1099 2727 1170 2804 pati·

168 2817 213 2869 tur
226 2808 320 2889 adque
333 2810 410 2871 uitro
424 2811 560 2890 requirit,
579 2808 623 2870 sic
636 2825 740 2868 recens
755 2808 837 2868 animi
855 2808 937 2870 dolor
958 2808 1211 2870 consolationeslb

166 2894 251 2952 reicit
262 2894 443 3033 ῧιιιιιιιςιι,
463 2911 530 2953 mox
544 2891 687 2952 desiderat
701 2900 731 2951 et
748 2891 905 2954 clementer
921 2892 1041 2954 admotis
1055 2892 1170 2971 adquie-
1276 2901 1277 2992 p

168 2976 231 3036 scit.
289 2993 345 3036 ee.

669 3107 706 3170 Π.
1276 3137 1277 3152 ι

423 3205 449 3257 G.
468 3205 594 3260 PLINIUS
612 3107 793 3262 SXPVURINNAE
811 3207 871 3260 SUO
889 3207 915 3259 S.
1173 3239 1207 3294 35
1276 3229 1277 3250 ι

144 3319 160 3374 1
230 3310 299 3371 Scio
315 3319 418 3390 quanto
433 3329 523 3392 opere
538 3313 620 3376 bonis
637 3314 745 3376 artibus
759 3313 874 3390 faveas,
890 3322 1022 3392 quantum
1036 3311 1168 3390 gaudium

169 3393 283 3473 capies,
305 3396 329 3454 ei
350 3393 463 3458 nobiles
485 3398 605 3458 iuvenes
625 3397 739 3476 dignum
760 3396 867 3475 aliquid
885 3395 1038 3457 maioribus
1053 3398 1114 3458 suis
1128 3395 1167 3459 le·

168 3477 256 3538 ciant:
279 3494 336 3558 quo
352 3478 529 3542 festinantius
542 3482 639 3543 nuntio
653 3482 704 3544 tibi
721 3479 812 3543 iuiese
826 3497 872 3541 me
886 3479 971 3540 hodie
985 3480 1015 3538 iu
1028 3479 1168 3541 auditorio
