2580 3978
415 739 824 840 lnlnllllu.

528 951 713 961 m-

146 1069 249 1164 Nouem
265 1107 422 1178 epistularum
443 1109 518 1166 libros
535 1108 637 1164 aPlinio
654 1109 733 1166 editos
751 1123 804 1164 esse
818 1117 917 1166 auctore
934 1116 1030 1168 constat
1046 1109 1145 1170 Sidonio

81 1192 221 1266 Apollinari,
238 1191 280 1264 qui
297 1192 368 1263 epist
379 1192 427 1260 lll,
445 1197 460 1250 1
479 1191 582 1248 ‘addis'
593 1193 671 1266 inquit
682 1192 727 1248 ‘et
741 1207 825 1249 causas
841 1193 928 1266 quibus
941 1194 982 1250 bic
997 1194 1059 1252 liber
1067 1211 1146 1252 nonus

79 1287 135 1335 octo
146 1276 295 1348 superiorum
305 1277 467 1333 voluminibus
479 1277 616 1342 adcrescat.
637 1276 702 1348 quod
713 1275 741 1334 G.
752 1275 892 1344 Secundus.
914 1279 984 1334 cuius
999 1294 1045 1334 nos
1056 1279 1145 1334 orbitas

79 1363 146 1436 sequi
160 1360 208 1416 hoc
216 1373 288 1430 opere
305 1361 458 1432 pronuntias,
479 1359 577 1430 paribus
592 1359 669 1416 titulis
686 1375 747 1432 epm
763 1361 892 1432 epistulare
913 1361 1077 1418 determinet?
1100 1363 1145 1418 ob·

79 1451 170 1502 scumta
194 1449 275 1500 autem
291 1445 407 1515 proximis
422 1459 436 1500 a
452 1441 552 1499 Sidonio
573 1443 676 1500 saeculis
692 1441 778 1500 barum
798 1445 954 1516 epistularum
970 1446 1086 1502 memoria
1102 1447 1144 1502 de·

79 1531 142 1586 cimo
160 1527 257 1584 merulo
277 1528 323 1584 tria
340 1528 471 1584 extiterunt
487 1528 632 1598 exemplaria
649 1543 705 1584 eum
714 1529 831 1600 scriptura
837 1528 966 1584 uerbomm
975 1535 1029 1586 tum
1039 1529 1144 1600 disposi-

78 1615 144 1670 tione
153 1611 308 1683 epistularum
319 1612 466 1685 aliquantum
476 1611 540 1666 iuter
548 1625 576 1666 se
586 1611 717 1668 dissimilia.
738 1626 754 1667 e
771 1612 858 1684 qubus
875 1613 1052 1685 exemplaribus
1067 1629 1144 1670 unum

77 1697 209 1771 genuinum
224 1710 311 1751 noveru
327 1695 445 1752 libmmm
456 1699 596 1761 unrocum,
618 1695 662 1752 sed
677 1695 822 1752 membranis
832 1696 924 1768 aliquot
933 1712 992 1753 casn
1002 1697 1144 1768 interceptis

76 1782 207 1846 minmutn,
229 1785 380 1844 seruaverutt
403 1780 601 1836 alteurmoctavo
614 1777 676 1836 libro
694 1779 798 1846 omisso,
819 1795 883 1836 nono
903 1795 947 1851 pro
959 1781 1144 1852 octauoposito‚

75 1865 172 1921 turbate
186 1868 311 1935 praeterea
322 1863 347 1918 in
358 1864 443 1936 quinto
454 1863 515 1920 etin
525 1862 610 1919 ultimo
621 1863 683 1919 libro
701 1864 857 1934 epistularum
873 1864 970 1931 ordine,
992 1871 1048 1921 octo
1069 1865 1145 1921 libros

77 1947 199 2011 exhibuitr
218 1947 316 2003 tertium
327 1947 430 2021 denique
447 1947 522 2004 libros
532 1954 646 2020 quattuor
660 1946 752 2019 primos
767 1963 824 2004 cnm
839 1963 884 2002 sex
899 1948 983 2018 primis
996 1948 1052 2006 libri
1068 1947 1145 2021 ‹printi

77 2032 185 2104 epistulis
196 2031 409 2102 complectebatur.
431 2037 554 2103 praeterea
565 2036 647 2087 autem
657 2031 682 2086 iu
692 2046 722 2086 eo
734 2031 819 2087 codiee
829 2030 907 2104 quarti
918 2031 974 2087 libri
991 2031 1093 2102 epistula
1108 2031 1144 2086 vi-

76 2115 165 2171 cesima
176 2115 280 2186 septima
289 2115 378 2172 omissa
392 2121 456 2171 erat:
477 2114 542 2170 unde
552 2114 627 2170 euasit
637 2129 752 2170 numerus
762 2115 918 2185 epistularum
929 2109 1034 2170 centum.
1056 2115 1144 2170 exhac

75 2201 151 2271 igitur
159 2199 234 2269 stirpe
244 2212 301 2254 cum
311 2198 398 2270 triplex
408 2197 525 2254 hbmmm
535 2212 614 2271 genus
624 2213 673 2270 quo
682 2198 803 2269 posterior
812 2203 878 2254 aetas
891 2212 935 2253 usa
947 2203 985 2252 est
994 2212 1142 2270 propagare-
1175 2194 1177 2197 ’

73 2291 128 2349 tur,
147 2282 279 2338 nensimul
288 2281 513 2354 dirersisexemplis
523 2281 637 2352 descripti
647 2281 744 2337 codices
760 2287 937 2358 apparuerunt,
958 2281 1002 2337 sed
1019 2281 1143 2353 paullatim

72 2367 119 2423 alio
131 2381 222 2440 genere
231 2372 288 2437 post
297 2365 362 2422 aliud
370 2371 466 2437 reperto
477 2365 602 2424 umversus
613 2365 769 2436 epistularum
779 2379 895 2422 uumems
905 2365 931 2420 in
941 2365 1022 2420 lucem
1034 2366 1131 2436 prodiit.

135 2449 198 2506 Nam
214 2465 272 2505 mm
287 2456 342 2521 post
352 2464 406 2506 eam
417 2465 514 2523 proque
524 2455 627 2507 aetatem
637 2464 709 2522 pram
720 2449 770 2504 dixi
781 2464 795 2505 a
805 2449 889 2522 paucis
898 2448 969 2504 Plinii
981 2449 1099 2521 epistulae
1108 2449 1144 2505 le·

72 2541 202 2608 menum,
217 2535 322 2605 primum
331 2533 429 2606 reliquis
440 2533 535 2590 duobus
547 2532 678 2607 geumilm
688 2532 817 2588 latentibus
827 2533 936 2588 centuria
946 2533 1102 2603 epistularum
1112 2547 1142 2586 ex

71 2634 101 2674 ec
111 2617 224 2694 exemplo
233 2617 298 2690 quod
308 2618 379 2674 tertio
392 2617 447 2674 loco
465 2618 535 2689 posui
545 2617 617 2676 ducta
627 2616 754 2672 doctorum
770 2615 896 2672 hominum
912 2615 1023 2672 manibus
1032 2615 1144 2673 versaba-

71 2709 121 2758 tur.
142 2701 288 2758 eiusmodi
297 2701 381 2758 codice
392 2701 463 2757 eruo
474 2701 570 2758 decimo
581 2700 678 2756 saeculo
689 2715 747 2754 usus
758 2706 797 2756 est
807 2700 946 2756 Vincentius
956 2698 1142 2762 Bellouacensis‚

69 2785 113 2858 qui
124 2785 150 2840 in
160 2782 265 2856 Speculo
276 2784 394 2840 historiali
403 2784 446 2840 lib.
457 2784 480 2840 ll
491 2800 513 2840 c.
524 2787 558 2844 67
568 2783 639 2839 Plinii
649 2782 762 2854 epistolas
773 2783 803 2838 ad
813 2783 921 2839 diuersos
930 2782 1026 2837 circiter
1045 2789 1143 2838 centum

68 2885 96 2924 se
106 2869 245 2940 repperisse
254 2869 288 2924 ait
297 2875 323 2924 et
334 2867 437 2940 ‘paucos
448 2868 521 2924 flores
533 2883 563 2923 eu
573 2867 646 2922 huius
654 2865 763 2937 epistolis
774 2865 914 2937 excerptos’
925 2881 986 2938 quos
997 2865 1101 2922 subiecit
1111 2880 1143 2920 eu

67 2952 108 3008 his
131 2953 192 3024 ipsis
212 2958 310 3008 centum
337 2952 446 3024 epistulis
465 2953 563 3025 petivit.
584 2964 675 3026 eosque
696 2949 730 3005 ita
750 2956 902 3021 comparatos
923 2955 951 3004 ut
968 2964 999 3004 eu
1014 2949 1142 3008 verborum

68 3037 192 3108 scriptura
202 3051 259 3092 cum
268 3035 336 3092 libris
345 3051 418 3092 mauu
428 3036 523 3107 seriptis
534 3050 636 3108 purorum
646 3033 719 3090 bodie
730 3035 799 3105 copia
809 3033 873 3090 laeta
883 3038 922 3088 cst
932 3032 1020 3088 collata
1030 3034 1142 3105 intellegi

68 3121 149 3192 possit
163 3120 195 3176 ad
210 3121 236 3177 id
248 3135 327 3193 genus
343 3120 407 3193 prod
417 3119 466 3176 diui
476 3119 595 3175 Vrncentii
613 3117 722 3174 codicem
740 3117 892 3188 pertinuisse.
923 3115 1041 3174 babemus
1061 3121 1143 3174 auteur

66 3205 143 3260 huius
153 3204 237 3276 stirpis
246 3211 335 3262 testem
339 3203 458 3259 Vrneentii
467 3210 546 3272 aetate
556 3203 677 3275 alquanto
687 3201 836 3272 superiorem
847 3200 1011 3256 lloreutinum
1022 3201 1141 3264 codicem,

66 3304 144 3361 quern
155 3289 183 3344 in
193 3288 338 3345 bibliotheca
347 3286 505 3344 laurentiana
518 3287 582 3344 iuter
598 3301 640 3342 ecs
657 3285 732 3341 libros
742 3284 784 3358 qui
793 3284 851 3340 illuc
862 3299 876 3340 e
886 3283 1033 3340 bibliotheca
1044 3283 1143 3340 lloren·

64 3374 117 3428 tina
129 3370 157 3428 S.
168 3369 257 3439 blanci,
268 3372 338 3428 cuius
347 3372 406 3428 olim
415 3371 461 3428 luit
470 3385 571 3428 numero
582 3371 635 3427 284
644 3373 755 3433 notatus,
766 3368 868 3425 trauecti
877 3369 981 3425 necdum
993 3369 1142 3424 innumeros

63 3457 137 3513 relati
159 3463 219 3512 suut
241 3455 327 3512 iurem.
349 3455 371 3510 is
387 3454 464 3528 igitur
480 3461 518 3513 est
533 3453 731 3510 membranaceus
745 3453 823 3509 lorma
840 3453 956 3526 quadrata
966 3452 1074 3517 minore,
1096 3450 1141 3505 sub

63 3539 140 3598 hem
152 3541 246 3598 saeculi
257 3538 358 3604 decimi,
379 3544 407 3594 ut
417 3537 476 3595 mihi
486 3539 624 3604 ridebatur,
645 3536 809 3594 iuGennaniu
819 3537 932 3608 scriptus.
946 3551 1019 3653 *uam
1032 3540 1057 3590 et
1067 3534 1143 3623 amip-

921 3634 937 3668 ss
