2604 3972
201 254 264 318 lto
623 245 657 308 G.
680 245 777 308 Pbllll

202 406 362 485 stringebar
386 403 554 482 plerumque
576 399 686 479 frigidis
712 399 855 478 negotiis,
884 414 957 476 quaa
978 394 1061 458 simul
1084 405 1113 456 et
1140 413 1207 457 avc·
1282 409 1283 476 s

174 499 268 553 tcant
282 492 400 551 animum
416 496 446 549 et
460 487 659 547 comminuunt.
680 483 831 546 Praeterea
845 499 900 542 nec
915 477 1030 540 materia
1041 479 1123 558 plura
1137 483 1206 540 scri·
1282 503 1283 542 ι

201 575 288 640 beudi
311 574 436 634 dabatur.
468 570 570 649 Neque
593 571 667 629 euim
691 567 791 629 eadem
809 575 906 626 nostra
928 563 1051 625 conditio
1074 579 1147 642 quae
1167 562 1205 623 bl.
1282 599 1283 606 ι

202 658 295 737 Tulli,
316 656 351 718 ad
369 657 449 717 cuius
465 652 627 734 exemplum
640 670 694 714 nos
712 669 810 714 vocas.
843 645 889 710 llli
907 651 981 710 enim
995 657 1023 708 et
1040 648 1206 726 copiosissi-

201 761 277 804 mum
297 743 439 820 ingenium
460 747 488 799 et
505 739 620 816 ingenio
643 755 697 816 qua
717 737 840 798 uarietas
859 751 954 794 rerum
974 749 1029 813 qua
1042 731 1228 809 magnitud05

174 828 361 906 tllargissime
379 822 559 904 suppetebat.
586 821 647 882 Nos
663 838 746 900 quam
759 821 887 897 augustis
902 819 1028 878 terminis
1045 814 1206 876 claudamur

204 913 286 972 etiam
306 918 419 978 tacente
440 924 485 967 me
509 906 669 985 perspicis,
692 905 747 965 nisi
767 903 842 963 forte
864 901 995 962 volumus
1017 899 1204 960 scholasticas

175 996 253 1057 4tibi
267 992 371 1072 adque,
386 1001 416 1052 ut
430 993 468 1051 ita
482 991 583 1067 dicam,
600 989 768 1050 umbraticas
783 987 892 1048 litteras
908 987 1027 1046 mittere.
1061 981 1121 1043 Sed
1136 982 1204 1043 nihil

201 1081 292 1140 minus
308 1087 405 1157 aptum
419 1075 599 1152 arbitramur,
621 1090 685 1132 cum
703 1090 780 1132 arma
793 1081 906 1148 vestra,
928 1086 992 1129 cum
1007 1076 1116 1144 castra,
1142 1084 1205 1127 cum

176 1163 325 1240 5deuique
341 1177 447 1220 cornua
461 1160 543 1220 tubas
558 1157 692 1220 sudorem
701 1156 852 1236 pulverem
864 1154 943 1215 soles
961 1153 1127 1230 cogitamus.
1150 1150 1204 1211 lla·
1213 1159 1242 1212 10

200 1247 265 1326 bes,
282 1256 313 1307 ut
327 1255 413 1326 puto,
430 1245 531 1304 iustam
544 1242 774 1318 excusationem,
792 1257 874 1319 quam
885 1248 977 1300 umen
993 1235 1090 1297 dubito
1105 1253 1140 1295 an
1155 1236 1205 1296 tibi

200 1331 314 1411 probari
330 1328 426 1390 velim.
457 1326 511 1390 Est
532 1327 607 1387 enim
628 1325 727 1386 summi
742 1325 844 1398 amoris
866 1339 972 1401 negare
987 1321 1096 1380 veniam
1111 1319 1206 1380 brevi-

200 1416 255 1475 bus
273 1414 405 1494 epistulis
422 1413 591 1490 amicorum,
608 1410 734 1490 quamvis
749 1409 824 1469 scias
839 1405 895 1467 illis
911 1415 1043 1467 constare
1056 1404 1203 1464 rationem.

199 1496 278 1557 Vale.

680 1621 730 1682 lll.
1214 1626 1242 1676 15
1282 1617 1283 1660 3

479 1721 506 1776 c.
524 1720 648 1773 ruinius
665 1720 805 1772 rnunrno
823 1687 883 1772 suo
900 1719 928 1773 s,
1282 1727 1283 1810 p

176 1842 192 1894 1
264 1824 346 1885 Alius
368 1823 460 1902 aliud,
480 1841 536 1901 ego
554 1825 747 1884 beatissimum
768 1823 898 1883 existimo
919 1822 966 1900 qui
987 1821 1080 1881 bonae
1093 1837 1204 1880 mausu-

202 1927 309 1991 raeque
327 1909 417 1970 ismae
438 1909 669 1987 praesumptione
684 1906 840 1987 perfruitur
859 1916 1013 1987 certusque
1029 1905 1204 1986 posteritatis
1282 1949 1283 1992 ,

203 2014 267 2057 cum
280 1995 372 2055 lutura
383 1992 474 2071 gloria
488 1994 567 2053 vivit.
590 1991 634 2051 Ac
648 1991 715 2051 mibi
726 1992 779 2051 nisi
791 1991 945 2070 praemium
955 1992 1128 2052 aeternitatis
1140 1998 1204 2050 ante
1282 2003 1283 2026 l

174 2079 322 2158 coculos,
347 2079 454 2156 pingue
475 2075 545 2136 illud
565 2075 707 2155 altumque
723 2077 810 2136 otium
826 2075 948 2153 placeat.
978 2073 1089 2136 Etenim
1105 2077 1242 2134 omncstt)
1282 2059 1283 2100 Ὗ

201 2163 330 2224 homines
347 2162 467 2222 arbitror
483 2170 619 2239 oportere
633 2169 680 2221 aut
690 2159 917 2220 inmortalitatem
931 2175 1009 2220 suam
1023 2167 1070 2220 aut
1079 2157 1205 2219 mortuii-
1282 2215 1283 2224 ι

201 2255 288 2308 tatem
300 2249 439 2324 cogitare,
456 2254 486 2304 et
496 2244 562 2307 illos
575 2245 688 2324 quidem
700 2244 875 2305 contendere
890 2245 969 2321 eniti,
985 2244 1038 2303 bos
1053 2245 1205 2322 quiescere

201 2331 306 2391 remitti
321 2347 377 2390 uec
391 2330 509 2389 brevem
523 2330 608 2389 vitam
626 2327 740 2388 caducis
755 2327 899 2388 laboribus
915 2327 1051 2406 fatigare,
1073 2336 1104 2388 ut
1119 2326 1205 2387 video
1282 2387 1283 2422 ,

201 2413 307 2473 multos
320 2415 423 2472 misera
437 2411 520 2472 simul
540 2420 570 2494 et
590 2413 699 2488 ingrata
712 2412 835 2488 imagine
849 2411 1002 2473 industriae
1018 2411 1054 2471 ad
1067 2409 1206 2470 vilitatem
1282 2443 1283 2474 ι

175 2499 246 2562 esui
262 2497 423 2576 pervenire.
445 2493 525 2554 llaec
540 2512 597 2572 ego
609 2503 719 2569 tecum,
738 2511 811 2573 quae
827 2495 932 2556 cotidie
947 2509 1068 2571 mecum,
1084 2503 1116 2554 ut
1129 2493 1239 2554 desi-tt
1282 2515 1283 2520 ¹

201 2597 264 2639 uam
275 2596 398 2656 mecum,
416 2579 440 2638 si
457 2577 610 2640 dissenties
624 2587 669 2648 tu:
686 2594 852 2657 quamquam
863 2594 919 2638 non
931 2579 1095 2655 dissenties,
1113 2575 1205 2657 utqui

201 2681 318 2743 semper
335 2663 440 2723 clarum
452 2661 556 2741 aliquid
571 2671 600 2723 et
614 2660 763 2722 inmortale
778 2661 925 2724 meditere.
944 2659 1025 2722 Vale.

799 2767 816 2794 0

680 2796 730 2857 ΙΙΙ.
1282 2845 1283 2852 ,

473 2796 805 2951 c.ru1s1usrlnnos1no
825 2894 885 2946 suo
905 2894 932 2948 s
1211 2913 1243 2968 30

174 3010 191 3064 1
260 2997 387 3057 Vererer
407 3016 444 3058 ne
465 2997 629 3059 inmodicam
650 2999 805 3059 orationem
826 3005 942 3077 putares
964 3011 1045 3075 quam
1067 3011 1132 3056 cum
1152 2995 1206 3055 bac
1282 3003 1283 3056 i

201 3079 324 3161 epistula
343 3083 485 3161 accipies,
514 3083 567 3143 uisi
589 3090 668 3143 esset
684 3082 799 3159 generis
819 3083 880 3142 eius
902 3089 933 3140 ut
952 3096 1041 3158 saepe
1063 3080 1204 3159 incipere,

201 3183 291 3244 saepe
305 3163 440 3226 desinere
452 3164 590 3226 videatur.
610 3164 681 3226 Nam
692 3165 812 3244 singulis
826 3164 987 3226 criminibus
1001 3163 1132 3242 singulae
1143 3162 1204 3223 vel·
1282 3161 1283 3182 ³

171 3257 229 3314 {ut
251 3267 353 3309 causae
375 3251 564 3310 continentur.
596 3248 706 3310 Poteris
727 3267 815 3328 ergo,
835 3248 1034 3327 undecumque
1057 3249 1203 3326 coeperis,

199 3331 372 3412 ubicumque
392 3332 529 3412 desieris,
555 3351 628 3414 quae
650 3333 787 3413 deinceps
808 3342 963 3413 sequentur
983 3341 1013 3393 et
1033 3333 1113 3411 quasi
1134 3332 1243 3391 inci-tt

198 3416 306 3502 pientia
319 3417 420 3495 legere
435 3428 465 3480 et
484 3420 563 3497 quasi
582 3417 762 3479 cohaerentia
776 3435 880 3496 meque
897 3418 925 3476 ln
941 3418 1126 3477 universitate
1140 3414 1204 3475 lon·
1282 3383 1283 3450 l

198 3500 357 3583 gissimum,
372 3502 567 3564 brevissimum
580 3504 610 3563 in
624 3503 751 3582 partibus
761 3501 896 3562 iudicare.
925 3499 1005 3562 Vale.
