2604 3972
167 263 229 328 164
596 258 630 321 0.
651 259 749 321 PblNl

165 417 246 494 iuvit,
260 431 324 476 cum
338 423 454 475 senatus
465 421 512 474 aut
524 410 559 472 ad
571 411 659 472 otium
675 429 812 472 summum
826 421 874 472 aut
890 410 926 472 ad
940 429 1077 473 summum
1091 412 1173 475 nefas

165 509 318 561 vocaretur
339 509 368 560 at
391 496 476 558 modo
497 496 619 557 ludibrio
641 498 726 557 modo
750 495 842 557 dolori
868 505 997 558 retentus
1022 514 1174 576 numquam

141 586 253 663 liseria,
273 584 365 646 tristia
379 599 468 661 saepe
485 577 639 642 censeret?
661 578 770 640 Eadem
786 579 857 641 mala
872 580 926 640 iam
940 589 1101 657 senatores,
1118 582 1173 641 iam

165 669 322 749 participes
345 665 481 727 malorum
512 664 617 725 multos
643 683 697 742 per
724 679 812 725 annos
840 662 961 726 vidimus
983 663 1172 743 tulimusquc;

165 754 267 832 quibus
282 751 395 830 ingenia
410 757 508 811 nostra
521 749 549 808 in
564 757 711 829 posterum
729 765 844 828 quoque
858 747 992 809 hebetata
1003 747 1093 809 fracta
1105 761 1200 815 con-5

122 847 156 902 10
164 846 229 898 tusa
244 845 319 897 suut.
340 834 434 895 Breve
448 842 560 912 tempus
575 833 653 912 (nam
665 840 743 893 tanto
760 831 876 894 brevius
891 849 974 894 omne
991 842 1095 911 quanto
1107 832 1172 893 leli·

165 921 227 981 cius
241 919 388 999 tempus),
403 935 460 997 quo
474 916 546 978 libet
560 918 636 978 scire
652 915 720 995 quid
734 918 840 995 simus,
855 915 926 976 libet
939 933 1079 978 exercere
1095 916 1173 996 quod

164 1022 269 1066 sumus.
313 1002 377 1076 Quo
399 1004 501 1065 iustius
515 1011 603 1081 peto,
618 1002 738 1081 primum
759 1011 790 1061 ut
812 1000 919 1078 errori,
944 1001 969 1061 si
986 1002 1050 1079 quis
1066 1010 1111 1061 est
1126 1019 1171 1062 er·

162 1105 226 1167 ror,
243 1088 349 1148 tribuas
361 1088 491 1165 veniam,
506 1084 610 1147 deiude
624 1084 766 1146 medearis
783 1085 903 1146 scientia
917 1093 976 1162 tua,
993 1086 1040 1145 cui
1055 1102 1173 1165 semper
1274 1118 1281 1126 ·

162 1172 215 1234 fuit
231 1191 315 1232 curae
335 1172 379 1233 sic
398 1174 458 1231 iura
473 1169 632 1250 publicant
652 1170 777 1250 priuata,
795 1171 839 1230 sie
858 1168 972 1248 antiqua
986 1178 1017 1229 ut
1030 1170 1171 1249 recentia,
1182 1183 1212 1238 lt

73 1297 77 1306 ψ
121 1271 154 1324 11
164 1257 207 1318 sic
228 1275 290 1317 rara
311 1266 342 1317 ut
361 1255 474 1318 assidua
492 1263 625 1316 tractare.
661 1253 765 1332 Adque
789 1271 847 1331 ego
867 1252 988 1314 arbitror
1005 1252 1063 1315 illis
1086 1255 1171 1314 etiam

164 1342 266 1421 quibus
278 1342 460 1421 plurimarum
474 1356 569 1400 rerum
582 1339 700 1417 agitatio
715 1338 852 1416 frequens
868 1336 937 1397 nibil
953 1356 1022 1399 esse
1042 1337 1171 1415 ignotum

161 1425 321 1503 patiebatur
338 1445 431 1503 genus
450 1425 626 1503 quaestionis
645 1423 721 1503 quod
744 1421 843 1483 adfero
865 1420 900 1483 ad
920 1430 950 1482 te
966 1431 1085 1482 autnon
1099 1423 1170 1484 satis

160 1509 255 1568 tritum
271 1518 317 1569 aut
332 1511 415 1570 etiam
426 1510 605 1587 inexpertum
619 1507 721 1568 fuisse.
752 1505 816 1566 Hoc
832 1514 862 1566 et
876 1523 934 1584 ego
948 1507 1129 1583 excusatior,
1144 1505 1170 1566 si

161 1591 237 1653 forte
252 1611 314 1653 sum
325 1593 441 1672 lapsus,
464 1600 493 1652 et
507 1601 538 1652 tu
551 1590 663 1669 dignior
676 1590 779 1669 laude,
801 1591 826 1649 si
840 1600 926 1670 potes
942 1587 971 1650 id
987 1607 1102 1670 quoque
1119 1589 1214 1652 do·1t

71 1689 73 1694 '
119 1687 228 1740 lacere
247 1677 324 1757 quod
334 1678 360 1736 in
373 1677 499 1736 obscuro
515 1685 610 1736 eatan
627 1674 772 1736 didiceris.
799 1673 990 1735 Referebatur
1006 1671 1042 1736 dc
1056 1674 1169 1736 libertis

159 1760 258 1822 Afrani
275 1761 375 1822 Dextri
391 1759 530 1838 consulis,
545 1760 685 1820 incertum
700 1776 750 1819 sua
763 1777 799 1819 an
814 1774 929 1820 sucrum
942 1776 1035 1838 manu,
1052 1758 1168 1820 scelere

159 1863 194 1904 an
213 1845 355 1924 obsequio
376 1845 528 1924 perempti.
563 1841 623 1904 Hos
639 1843 710 1904 alius
725 1839 860 1923 (²qunl2
883 1842 992 1922 inquis:
1018 1861 1090 1921 ego:
1114 1842 1169 1903 sed

158 1927 227 1988 nibil
239 1929 345 2009 refert)
357 1939 424 2009 post
440 1928 636 2008 quaestionem
652 1927 795 2007 supplicio
809 1926 984 2006 liberandos,
1000 1926 1072 1988 alius
1086 1927 1115 1986 in
1125 1926 1168 1988 in·

159 2012 248 2074 sulam
262 2013 446 2092 relegandos,
461 2012 532 2074 alius
547 2022 638 2074 morte
654 2010 814 2091 puniendos
824 2012 1018 2072 arbitrabatur.
1043 2010 1213 2085 Qnmumao

158 2100 360 2160 sententiarum
374 2107 450 2160 tanta
462 2098 611 2159 diversitas
624 2106 684 2158 erat
700 2106 731 2157 ut
746 2113 803 2156 non
817 2102 939 2176 possent
954 2113 1023 2157 esse
1039 2096 1094 2157 nisi
1109 2095 1168 2155 siu·

116 2191 150 2245 13
158 2181 252 2259 gulae.
287 2182 362 2256 Quid
377 2185 451 2244 cuim
468 2200 616 2243 commuue
627 2181 713 2243 babet
730 2177 865 2241 occidere
883 2190 912 2241 et
930 2177 1085 2257 relegare?
1109 2197 1168 2240 non

157 2265 283 2328 Hercule
304 2267 395 2346 magis
413 2283 497 2347 quam
516 2266 650 2344 relegare
671 2274 701 2326 et
723 2263 892 2326 absoluere:
917 2281 1084 2343 quamquam
1098 2281 1167 2344 pro·

157 2350 222 2428 pior
245 2349 388 2428 aliquanto
410 2361 456 2412 est
475 2352 634 2411 sententiae
653 2348 810 2427 relegentis
833 2365 907 2428 quae
933 2348 1057 2410 absolvit
1082 2366 1167 2428 quam

157 2450 230 2511 quae
251 2433 370 2503 occidit;
392 2443 512 2512 utraque
529 2435 604 2494 enim
618 2452 657 2492 ex
675 2432 732 2492 illis
745 2433 830 2493 vitam
844 2433 995 2512 relinquit,
1020 2433 1093 2492 haec
1106 2432 1211 2499 adi-25

156 2516 222 2577 mit:
238 2533 301 2578 cum
316 2518 428 2579 interim
442 2518 532 2596 etqui
547 2526 639 2577 morte
652 2516 807 2596 puniebant
821 2526 851 2577 et
867 2518 915 2596 qui
928 2516 1096 2595 relegabant
1110 2535 1167 2577 una

156 2600 295 2663 sedebant
310 2611 341 2662 et
357 2602 526 2682 temporaria
546 2600 724 2664 simulatione
739 2600 912 2662 concordiae
925 2600 1097 2662 discordiam
1111 2600 1166 2662 dif-

115 2684 298 2752 14ferebant.
330 2683 396 2765 Ego
417 2685 595 2767 postulabam
613 2695 644 2746 ut
663 2687 751 2747 tribus
770 2685 918 2747 sententiis
935 2693 1080 2748 constaret
1094 2701 1166 2748 suus

154 2788 306 2850 numerus,
322 2789 379 2832 nec
393 2790 426 2833 se
441 2771 578 2833 brevibus
589 2772 704 2832 indutiis
720 2769 792 2831 duae
808 2770 969 2848 iungerent.
1003 2768 1166 2848 Exigebam

156 2871 228 2933 ergo
242 2864 273 2916 ut
288 2855 336 2935 qui
354 2855 468 2935 capitali
481 2854 625 2936 supplicio
642 2853 817 2915 adliciendos
833 2854 968 2934 putabant
979 2853 1213 2926 discedereutso

153 2954 170 2996 a
183 2937 344 3017 relegante,
355 2958 412 3000 nec
426 2941 537 3001 interim
554 2948 652 3000 contra
662 2937 838 3001 absolventis
848 2955 916 2999 mox
926 2938 1086 3001 dissensuri
1094 2956 1165 2999 cou-

112 3113 145 3168 15
153 3021 1164 3188 titltlttabtitillettiilttltlltllttttdlt

153 3191 268 3269 quidem
290 3191 338 3270 qui
359 3190 479 3253 libertos
493 3191 684 3272 relegandos,
706 3210 809 3254 servos
825 3191 969 3273 supplicio
985 3191 1163 3253 addcieudos

153 3275 315 3336 censuisset
333 3283 464 3337 coactum
479 3293 547 3339 esse
562 3277 690 3340 diuidere
705 3277 892 3356 sententiam,
915 3275 992 3340 bunc
1005 3285 1099 3337 autem
1113 3276 1210 3354 quiae

151 3356 272 3422 libertos
287 3369 379 3422 morte
393 3359 525 3424 multaret
540 3381 604 3424 cum
619 3361 769 3442 relegante
783 3361 933 3422 numerari.
955 3359 1027 3422 Nam
1038 3361 1062 3422 si
1074 3376 1164 3440 opor·

151 3441 254 3504 luisset
269 3443 354 3505 diuidi
371 3447 539 3508 sententiam
554 3447 649 3525 unius,
662 3449 728 3526 quia
740 3465 789 3508 res
803 3445 872 3508 duas
886 3441 1162 3526 comprehendebat,

150 3542 209 3585 non
228 3529 408 3611 reperiebam
424 3530 659 3612 quemadmodum
676 3539 779 3611 posset
790 3531 869 3609 iungi
883 3530 1025 3592 sententia
1040 3529 1163 3590 duorum
