2580 3970
178 257 241 322 266
602 256 636 318 c.
658 256 756 318 l’bllll

178 427 243 470 nam
264 417 293 470 et
316 409 428 470 restitui
449 409 601 488 oportebat
621 428 694 489 quos
714 409 867 472 sustulerat
886 409 976 473 melus
996 411 1133 490 princeps
1154 419 1188 472 et

178 493 239 555 tolli
254 495 411 554 restitutos.
447 493 479 553 ln
495 495 529 554 iis
547 496 621 554 enim
634 512 707 574 quae
721 494 831 555 amalis
846 494 923 555 bene
939 494 1007 558 flunt
1020 494 1067 554 bic
1083 504 1187 555 mnen-

179 577 231 637 dus
246 586 292 638 eat
306 576 407 638 medus
422 585 452 637 ut
467 588 603 655 appareat
615 587 763 639 auctorem
776 577 978 657 displicuisse,
996 596 1054 638 non
1067 578 1186 642 iactum.

176 659 255 721 ldem
276 678 347 738 ergo
363 659 486 739 populus
502 659 552 722 ille
568 661 719 740 aliquande
733 663 858 724 scaenici
875 663 1054 740 imperatoris
1070 671 1188 740 specta·

177 753 223 805 tor
238 751 268 804 et
282 742 415 822 plausor,
431 746 544 804 nuncin
556 747 733 822 pantomimis
744 762 860 825 guoque
873 755 1019 807 aversatur
1030 754 1060 806 et
1071 745 1210 809 damnata

178 827 355 888 effeminatas
371 836 448 889 artes
463 837 493 888 et
511 828 647 889 indecora
663 829 782 890 sacculo
798 828 899 891 studia
932 828 979 889 Ex
994 847 1052 908 quo
1067 829 1186 890 nubile-

177 922 253 972 stum
268 921 313 972 est
323 912 481 991 principum
492 911 670 991 disciplinam
681 930 786 991 capere
800 914 885 974 etiam
896 911 1017 991 vulgus,
1037 929 1100 974 caua
1111 930 1186 992 rem,

177 997 202 1057 si
216 994 253 1054 ab
269 1012 325 1056 uuo
342 995 408 1072 liat,
423 997 633 1058 severissimam
647 997 770 1058 iecerint
784 1013 892 1057 ornnes.
913 994 1008 1059 Macte
1022 996 1076 1057 bac
1090 999 1187 1074 gravi·

177 1080 242 1140 tatis
257 1077 364 1157 gloria,
389 1076 509 1156 Cacsar,
532 1096 586 1157 qua
608 1090 781 1142 consecutus
803 1098 837 1141 es
852 1090 884 1141 ut
903 1079 980 1159 quod
994 1089 1077 1140 antea
1092 1081 1136 1140 ris
1155 1089 1188 1142 et

177 1164 324 1239 imperium
336 1179 410 1222 nuno
425 1178 520 1223 mores
534 1173 715 1224 vocaremur.
749 1161 968 1241 (instigaverunt
980 1165 1047 1224 vitia
1061 1181 1113 1224 sua
1127 1164 1186 1242 ipsi
1196 1178 1224 1230 lt

178 1247 226 1324 qui
240 1247 373 1323 castigari
383 1246 580 1324 merebantur,
594 1247 737 1326 iidemque
748 1245 946 1310 emendatores
958 1249 1007 1325 qui
1018 1247 1187 1308 emendandi

177 1329 299 1390 luerunt.
333 1328 433 1409 ltaque
453 1345 539 1390 nemo
554 1328 591 1390 de
607 1334 762 1392 serenitate
783 1341 832 1392 tua
845 1332 991 1409 queritur,
1018 1339 1048 1390 et
1061 1329 1187 1391 liberum

176 1422 223 1474 est
239 1415 332 1491 queri.
360 1414 418 1474 Sed
430 1431 494 1472 oum
509 1416 548 1474 ita
563 1426 745 1494 conparatum
762 1415 799 1474 sit
813 1423 844 1474 ot
858 1415 894 1476 de
905 1414 984 1475 nullo
999 1414 1091 1476 minus
1106 1416 1186 1495 puln-

175 1499 242 1574 cipe
259 1505 412 1573 querantur
422 1497 553 1558 homines
568 1517 650 1577 mam
665 1499 701 1560 de
713 1515 770 1577 quo
786 1500 904 1558 maxime
916 1497 1003 1574 licet,
1019 1505 1069 1558 tuo
1080 1499 1109 1557 in
1119 1517 1184 1559 sac·

177 1579 244 1639 culo
267 1579 337 1638 nibil
360 1590 405 1641 est
425 1597 482 1660 quo
497 1599 555 1640 non
571 1599 653 1642 omne
670 1582 813 1644 homiuum
826 1600 918 1660 genus
933 1581 1055 1642 laetetur
1070 1591 1100 1642 et
1113 1589 1224 1660 gau-15

175 1663 252 1724 deat.
281 1663 354 1723 Boni
369 1664 579 1742 provebuntur,
603 1664 684 1744 mali,
708 1667 755 1745 qui
772 1674 818 1726 cst
832 1664 1079 1744 tranquillissimus
1092 1674 1184 1726 status

177 1748 316 1825 civitatis,
330 1765 387 1808 nce
401 1748 501 1808 timent
515 1765 571 1807 nco
585 1749 727 1810 timentur.
754 1747 880 1810 ldederia
896 1749 1059 1826 erroribus,
1074 1748 1128 1809 sed
1142 1751 1185 1810 in·

175 1829 368 1910 plorantibus,
392 1832 581 1910 omnibusque
598 1850 671 1911 ques
688 1833 780 1893 bonos
800 1832 872 1893 lacis
895 1831 969 1892 hanc
986 1831 1108 1894 adstruis
1124 1831 1184 1894 lau·

176 1913 241 1974 dem
254 1933 291 1974 nc
307 1916 443 1992 coegisse
456 1916 590 1976 videaris.

124 1997 165 2062 47
242 1995 441 2078 Quidivitam,
457 1996 545 2079 quid?
555 2017 651 2062 mores
662 2001 814 2061 iuventutis
826 2017 908 2079 quam
919 1999 1116 2080 principaliter
1126 1999 1222 2066 tor-ao

178 2081 250 2142 mas!
273 2082 365 2156 Quem
379 2083 517 2144 honorem
529 2082 641 2144 dicendi
657 2085 815 2162 magistris,
832 2100 916 2162 quam
931 2083 1124 2162 dignationem
1137 2103 1183 2145 sa·

176 2167 301 2245 pientiae
316 2166 483 2228 doctoribus
497 2167 599 2229 babes!
619 2167 656 2229 Ut
671 2168 723 2230 sub
739 2177 768 2229 te
782 2169 912 2246 spiritum
927 2175 957 2228 et
970 2168 1136 2246 sauguinem
1153 2177 1183 2229 et

175 2251 292 2327 patriam
311 2260 486 2329 recepemut
502 2250 608 2312 studia!
634 2270 707 2330 quae
721 2253 847 2330 priorum
861 2260 1021 2330 tempomm
1033 2252 1182 2312 inmanitas

56 2357 60 2363 ·
176 2333 271 2393 exiliis
286 2335 439 2413 puniebat,
463 2352 527 2394 oum
544 2336 600 2396 sibi
613 2337 744 2396 vitiorum
759 2336 883 2396 omnium
899 2337 1032 2396 conscius
1044 2336 1182 2414 princeps

175 2417 304 2476 inimicas
318 2418 394 2477 vitiis
408 2425 485 2476 artes
499 2434 557 2477 non
572 2417 638 2478 odio
653 2421 743 2496 magis
758 2436 841 2498 quam
852 2421 1015 2481 reverentis
1026 2418 1219 2497 relegaret-2⁵

175 2499 213 2558 At
228 2507 259 2558 tu
274 2497 390 2560 easdem
403 2508 479 2559 artes
493 2501 522 2559 in
538 2501 681 2580 conplexu
697 2499 789 2564 oculis
800 2503 915 2564 auribus
929 2503 1029 2564 labes.
1050 2502 1181 2564 Praestm

176 2583 250 2641 cuim
265 2600 461 2663 quaecumque
474 2585 671 2664 praecipiunt,
694 2595 858 2667 tantumque
872 2603 922 2648 eas
938 2585 1034 2665 diligis
1048 2595 1182 2665 quantum

176 2665 282 2727 abillis
297 2666 437 2745 probaris.
455 2668 501 2728 Aa
515 2669 662 2747 quisquam
673 2669 765 2730 studio
775 2670 952 2732 humanitatis
963 2670 1115 2749 protessus
1126 2687 1182 2730 non

176 2751 338 2811 cumomuia
351 2759 398 2811 tua
409 2761 468 2812 tum
478 2751 527 2812 rel
539 2753 567 2812 in
581 2755 677 2831 primia
688 2753 818 2816 laudibus
830 2753 905 2814 ierat
911 2753 1114 2816 admissionum
1122 2763 1182 2814 tna·

174 2851 236 2892 rum
251 2831 438 2895 facilitatem?
470 2833 574 2913 llaguo
588 2838 701 2916 quidem
716 2840 808 2898 anunm
824 2856 928 2918 parens
947 2849 1012 2900 tuns
1027 2837 1100 2898 banc
1114 2846 1221 2905 aeteae

174 2919 1181 3085 mittut,“itttnttlttttn“titttttttttttt'tti

175 3091 231 3143 set.
259 3082 350 3156 Quam
365 3083 440 3145 bene
457 3103 522 3146 oum
536 3086 617 3148 titulo
632 3089 688 3149 isto
703 3091 829 3150 moribus
842 3090 898 3150 tuis
915 3090 1067 3166 conuenit,
1084 3106 1181 3168 quam·

175 3184 231 3245 que
252 3167 344 3227 omnia
366 3168 409 3229 sic
430 3169 517 3247 iacis,
543 3181 682 3250 tamquam
702 3190 759 3233 non
779 3171 851 3234 aliua
866 3171 1059 3251 inscripserit!
1095 3171 1181 3245 Quod

174 3252 250 3309 enim
263 3250 373 3329 iorum,
390 3269 462 3330 quae
477 3253 583 3332 templa
596 3264 652 3314 tam
666 3253 813 3316 reserata?
838 3255 904 3316 Non
919 3254 1089 3335 Capitolium
1104 3258 1221 3336 ipsa-35

175 3349 232 3410 que
246 3332 297 3394 illa
314 3334 474 3413 adoptionis
488 3346 555 3398 tuae
571 3337 658 3399 sedes
671 3341 762 3417 magis
777 3339 909 3418 publica,
935 3341 1026 3417 magis
1046 3341 1180 3400 omniurn.

174 3414 252 3476 Nulli
271 3416 389 3496 obices,
416 3419 486 3480 nnslli
509 3422 740 3482 contumeliarum
758 3422 880 3502 grsdm,
908 3425 1109 3502 superatisque
1125 3425 1182 3484 iam

174 3498 253 3561 mille
268 3498 409 3562 liminibus
423 3503 497 3564 ultra
517 3523 633 3584 semper
652 3505 746 3584 aliqua
761 3505 828 3566 dura
849 3515 881 3567 et
898 3507 1046 3568 obstantia.
1076 3505 1182 3585 llagna
