2580 3978
189 251 230 314 38
616 247 650 308 C.
670 245 767 310 Pthl
824 311 828 319 ,

165 419 241 474 uvas
262 409 292 462 et
311 399 482 480 longinquos
502 403 621 480 respicit
639 411 760 464 montes.
793 401 884 463 lluius
906 419 922 462 a
943 400 1026 463 laeva
1045 403 1198 464 retractius

190 485 277 566 paulo
292 484 455 546 cubiculum
471 495 516 546 est
531 484 671 565 amplum,
684 485 787 547 deinde
803 485 880 546 aliud
892 487 996 565 minos,
1014 485 1092 564 quod
1105 485 1199 548 altera

190 573 317 631 fenestra
335 569 452 630 admittit
466 573 622 647 orientem,
648 570 827 631 occidentem
846 569 936 631 altera
949 572 1070 647 retinet,
1091 570 1147 630 huc
1165 581 1198 631 et

165 655 342 718 laubiacens
357 670 435 715 mure
456 652 572 731 longius
589 652 703 733 quidem
720 653 773 714 sed
791 655 923 714 securius
937 655 1072 714 intuetur.
1104 651 1197 716 lluius

192 737 317 799 cubiculi
333 747 362 797 et
377 735 480 796 triclini
495 736 572 797 illius
587 738 702 798 obiectu
719 737 872 799 includitur
885 737 1018 816 angulus,
1037 737 1085 815 qui
1102 740 1225 815 puris-5

188 810 292 884 'simum
311 819 402 880 solem
424 822 550 881 continet
573 829 602 880 et
623 820 765 882 accendit.
798 820 862 881 Hoc
883 820 1115 900 hibemaculum,
1137 820 1197 882 hoc

191 907 276 966 etiam
291 906 467 982 gymnasium
480 921 609 964 meorum
623 914 683 966 est:
703 906 741 965 ibi
757 923 856 967 omnes
871 904 958 966 silent
971 906 1049 965 renti
1064 907 1197 982 exceptis

192 989 240 1068 qni
260 987 387 1048 nubilum
402 987 538 1049 inducunt
560 997 590 1049 et
609 1007 743 1050 serenum
762 998 827 1051 ante
849 1006 933 1067 quam
955 1006 1037 1050 usum
1057 987 1116 1048 loci
1139 991 1197 1048 eri·

164 1075 280 1152 8piunt.
301 1070 471 1132 Adnectitur
484 1071 589 1150 angulo
606 1072 769 1133 cubiculum
779 1074 806 1132 iu
817 1071 935 1151 hapsida
947 1083 1104 1149 curvatum,
1117 1071 1197 1150 qnod

191 1155 325 1216 ambitum
346 1155 416 1217 solis
439 1154 573 1217 fenestris
595 1157 725 1217 omnibus
744 1159 884 1237 sequitur.
912 1155 1015 1217 Parieti
1030 1157 1092 1217 eius
1107 1157 1135 1214 in
1154 1155 1197 1216 bi·
1207 1173 1242 1223 lo

192 1238 354 1301 blicthecae
370 1241 498 1319 speciem
513 1242 660 1301 mmarium
673 1241 809 1303 insertum
826 1250 881 1318 est,
896 1239 973 1320 quod
985 1258 1042 1301 non
1053 1237 1197 1317 legendos

167 1321 281 1386 9libros
297 1323 349 1384 sed
365 1323 536 1384 lectitandos
554 1325 639 1403 capit.
668 1323 812 1386 Adhaeret
827 1324 1019 1385 dormitorium
1038 1322 1197 1383 membrum

192 1409 310 1468 transitu
331 1409 533 1486 interiacente,
560 1411 608 1486 qni
624 1426 782 1487 suspensus
805 1417 835 1469 et
855 1407 999 1469 tubulatus
1021 1415 1196 1486 conceptum

190 1507 328 1568 vaporem
347 1490 453 1552 salubri
473 1500 697 1570 temperamento
717 1492 773 1553 hnc
792 1491 863 1553 illuc
880 1492 983 1569 digerit
1004 1500 1033 1551 et
1047 1493 1194 1552 ministrat.
1278 1471 1279 1538 l

191 1572 315 1652 lleliqua
329 1591 395 1652 pars
413 1573 511 1636 lateris
526 1574 610 1635 huius
627 1593 773 1637 seruorum
788 1576 1013 1654 libertorumque
1030 1575 1128 1636 usibus
1143 1574 1193 1634 de·
1205 1581 1239 1634 lb
1279 1551 1280 1608 ¹

192 1660 313 1735 linatur,
338 1657 484 1737 plerisque
507 1668 563 1720 tam
583 1660 693 1720 mundis
712 1670 743 1721 ut
764 1661 898 1738 accipere
920 1660 1050 1737 hospites
1072 1659 1195 1737 possint.

150 1739 236 1805 lollx
248 1740 304 1802 alio
318 1740 408 1802 latere
428 1742 590 1803 cubiculum
606 1754 651 1805 est
665 1743 881 1822 politissimum
897 1742 999 1803 deinde
1013 1741 1061 1802 vel
1078 1743 1195 1803 cubicu—

193 1825 251 1886 lum
268 1825 376 1903 grande
391 1825 440 1886 vel
458 1826 569 1887 modica
584 1829 712 1905 cenatio,
735 1845 808 1906 quae
825 1827 947 1906 plurimo
968 1826 1049 1904 sole,
1071 1824 1196 1904 plurimo
1283 1877 1284 1892 ,

191 1909 260 1970 mari
280 1908 374 1978 lucet;
398 1919 465 1988 post
481 1911 554 1971 hanc
570 1911 732 1971 cubiculum
750 1929 814 1972 oum
829 1921 1024 1989 procoetone,
1045 1908 1195 1970 altitudine
1284 1960 1285 1970 ,

192 1993 342 2071 aestiuum,
358 1995 537 2054 munimentis
551 1993 714 2055 hibernum:
731 2003 776 2055 est
790 1997 864 2055 enim
878 1994 1048 2055 subductum
1064 1993 1240 2056 omuibusto

191 2078 296 2138 ventis.
317 2076 390 2138 lluic
405 2076 538 2138 cubiculo
551 2077 625 2139 aliud
641 2088 672 2139 et
686 2087 846 2157 procoeton
861 2079 1000 2138 communi
1011 2078 1123 2155 pariete
1134 2077 1196 2136 iun·

151 2175 182 2229 11
193 2171 305 2240 guntur.
326 2161 394 2223 lude
409 2161 503 2223 balnei
518 2160 592 2222 cella
605 2162 747 2240 frigidaria
761 2164 887 2240 spatiosa
902 2173 930 2222 et
946 2161 1053 2239 effusa,
1069 2162 1150 2221 cuins
1166 2161 1197 2220 in

193 2245 341 2306 contrariis
367 2246 524 2323 parietibus
551 2245 608 2307 duo
634 2247 797 2324 baptisteria
819 2244 899 2306 reiut
921 2245 1014 2305 eiecta
1038 2245 1194 2323 sinuantur,

192 2328 304 2388 abunde
321 2329 453 2406 capucia,
475 2329 499 2386 si
517 2330 638 2388 marein
659 2331 788 2407 proximo
806 2329 928 2406 cogites.
958 2327 1078 2389 Adiacet
1093 2337 1196 2388 uncto·

192 2411 274 2488 rium,
290 2409 499 2490 hypocauston,
516 2410 626 2472 adiacet
642 2413 821 2491 propnigeon
834 2411 949 2488 balinei,
965 2428 1032 2470 mox
1046 2410 1118 2472 dnae
1133 2410 1195 2471 oel-
1205 2415 1238 2468 2⁵

193 2493 238 2554 lae
252 2495 342 2571 magis
358 2493 508 2571 elegantes
521 2512 603 2572 mam
615 2504 815 2572 sumptuosae:
831 2494 968 2556 cohaeret
982 2494 1073 2556 calida
1084 2495 1197 2573 piscina

150 2588 185 2641 12
192 2576 326 2654 mirifica,
345 2597 381 2639 ex
399 2595 453 2656 qua
467 2586 595 2640 namntes
610 2596 686 2639 mare
699 2580 857 2658 aspiciunt,
878 2597 934 2640 uec
948 2577 1050 2657 procul
1066 2578 1196 2658 sphaeri-

193 2661 327 2740 sterium,
344 2663 421 2740 quod
438 2661 610 2723 calidissimo
625 2661 680 2722 soli
694 2660 829 2723 inclinato
845 2663 899 2725 iam
914 2662 960 2722 die
977 2663 1112 2723 occurrit.
1139 2661 1195 2723 llic

193 2745 278 2806 turri's
300 2747 435 2824 erigitur,
456 2746 510 2806 sub
527 2764 580 2824 qrra
595 2747 705 2808 diaetae
725 2747 813 2823 duae,
834 2745 953 2807 totidem
967 2746 996 2804 in
1011 2746 1089 2825 ipsa,
1110 2763 1195 2825 prae·

194 2839 273 2890 terea
289 2832 413 2908 cenatio,
431 2849 504 2909 quae
519 2828 685 2890 latissimum
699 2848 787 2908 mare,
802 2829 1000 2909 longissimum
1015 2828 1094 2907 litus,
1108 2827 1194 2890 villas
1205 2835 1240 2889 30

151 2925 185 2981 13
195 2914 406 2974 amoenissimas
427 2914 577 2992 prospicit.
602 2912 656 2973 Est
671 2923 700 2974 et
715 2914 769 2976 alia
782 2915 883 2974 turris:
906 2915 934 2973 in
950 2912 1003 2972 huc
1020 2911 1197 2990 cubiculum,

192 2998 221 3056 in
232 3013 290 3076 quo
303 2995 349 3056 sol
359 2998 483 3056 nascitur
494 2996 696 3075 conditurque:
708 2997 764 3058 lata
773 3007 840 3078 post
852 2997 994 3077 apotheca
1005 3005 1036 3056 et
1046 2997 1197 3056 horreum:

193 3081 245 3140 sub
260 3080 317 3141 hoc
330 3080 492 3158 triclinium,
508 3078 585 3159 quod
600 3082 702 3142 turbati
717 3083 800 3142 maris
812 3081 933 3142 nonnisi
944 3081 1088 3158 fragorem
1102 3087 1132 3141 ct
1146 3097 1197 3140 so·

192 3182 258 3224 num
274 3165 386 3242 patitur,
404 3181 526 3243 eumque
542 3165 597 3225 iam
608 3163 770 3244 languidum
784 3174 813 3226 et
828 3164 1022 3234 desinentem
1039 3163 1151 3224 hortum
1167 3172 1202 3244 ct

152 3261 186 3316 14
194 3250 383 3326 gestationem
396 3248 491 3326 videt,
514 3266 571 3327 qua
590 3248 688 3310 hortus
704 3248 865 3310 includitur.
893 3247 1021 3309 Gestatio
1044 3247 1123 3308 buxo
1146 3254 1239 3309 auiti

192 3347 259 3392 rore
274 3332 392 3410 marino,
408 3332 456 3393 ubi
471 3332 566 3393 delicit
580 3334 683 3411 buxus,
698 3333 832 3393 ambitur:
843 3350 907 3394 nam
920 3332 1024 3409 buxus,
1043 3348 1099 3410 qua
1113 3339 1197 3410 parte

194 3413 356 3476 defenditur
369 3417 471 3495 tectis,
487 3416 598 3477 abunde
614 3417 703 3486 viret3
718 3426 818 3495 aperto
835 3414 917 3476 caelo
931 3411 1091 3494 ap'ertoqoe
1105 3423 1196 3474 vento

152 3505 185 3558 15
194 3506 224 3558 et
247 3515 413 3578 mamquam
437 3498 590 3579 longinqua
616 3500 768 3578 aspergine
793 3501 875 3561 maris
898 3499 1042 3561 inarescit.
1072 3495 1198 3558 Adiacet
