2580 3978
189 274 231 338 50
612 273 644 333 C.
666 273 761 333 PLlNl

163 429 293 504 atacem,
304 435 406 486 venter
417 427 547 486 recessit.
566 425 592 485 Α
606 435 689 503 tergo
702 444 816 506 quoque
829 426 929 488 eadem
940 435 1018 488 aetas
1029 436 1060 489 ut
1071 445 1088 486 ι
1098 437 1194 506 tergo.

189 509 247 570 Aes
255 510 358 588 ipsum,
373 519 504 588 quantum
515 526 601 569 verus
616 509 697 571 color
708 511 821 589 indicat,
834 519 917 571 vetus
933 519 962 571 ct
976 513 1128 589 antiquum.
1141 510 1182 573 'la

189 593 225 654 lia
240 593 363 672 denique
382 595 474 652 omnia
486 601 516 652 ut
529 595 640 672 possint
653 595 789 654 artiliounr
803 592 904 656 oeulos
918 603 1030 672 tenere,
1048 593 1195 657 delectare

164 679 391 756 iimperitorum.
426 675 508 749 Quod
529 694 574 736 me
597 695 763 756 quamquam
783 678 953 739 tirunculum
974 677 1138 739 sollicitavit
1159 679 1195 740 ad

190 760 347 822 emendum.
371 759 434 819 Emi
451 770 561 837 autem,
576 778 633 821 nou
646 772 676 823 ut
690 763 824 822 haberem
842 760 917 822 domi
933 761 1043 841 (neque
1061 762 1136 821 onim
1153 762 1221 824 ιιι-5

189 843 247 904 lurn
261 845 352 905 adhue
368 841 542 904 Corinthium
555 844 629 904 domi
646 845 775 924 habeo),
793 863 893 906 verum
906 855 936 906 ut
952 847 980 905 in
992 847 1084 924 patria
1097 856 1196 907 nostra

163 928 299 990 ecelebri
313 928 379 989 loco
397 946 546 1007 ponerem,
561 946 595 989 ae
612 931 789 1008 potissimum
802 931 831 990 in
845 928 922 990 lovis
936 928 1060 1008 templo:
1081 928 1196 990 videtur
1278 949 1279 1008 ι

190 1014 264 1072 enim
281 1012 394 1092 dignum
408 1011 535 1090 templo,
558 1010 672 1090 dignum
686 1012 741 1072 deo
758 1012 870 1072 donum.
904 1012 944 1072 Τιι
963 1030 1051 1091 ergo,
1068 1022 1098 1074 ut
1114 1014 1195 1076 soles
1278 1025 1279 1048 ¹

191 1099 283 1158 omnia
299 1113 370 1176 quae
385 1113 402 1156 a
418 1114 464 1155 me
480 1096 530 1155 tibi
547 1097 742 1174 iniunguntur,
764 1099 880 1176 suscipe
895 1097 968 1158 banc
985 1115 1079 1156 curam
1096 1107 1125 1157 et
1140 1099 1194 1158 iam

188 1199 263 1240 nnnc
274 1181 340 1240 iube
352 1180 441 1239 basim
452 1179 524 1257 lieri,
537 1198 574 1240 ex
585 1197 640 1258 quo
652 1180 735 1242 voles
741 1198 889 1259 marmore,
902 1198 975 1259 quae
985 1197 1088 1242 nornen
1099 1199 1195 1242 meum
1204 1187 1236 1240 lo

164 1264 371 1342 thonoresque
393 1264 501 1342 capiat,
518 1265 542 1324 si
558 1264 611 1325 bos
630 1282 744 1343 quoque
761 1264 875 1343 putabis
889 1264 1043 1325 addendos.
1075 1265 1141 1344 Ego
1156 1268 1194 1326 si-

191 1367 277 1426 gnum
296 1350 404 1427 ipsum,
427 1357 457 1409 ut
477 1349 597 1425 primum
617 1350 754 1409 invenero
774 1347 897 1426 aliquem
910 1350 958 1428 qui
975 1365 1032 1409 non
1046 1359 1193 1429 gravetur,

189 1435 294 1492 mittam
312 1433 378 1509 tibi,
400 1431 447 1491 vel
467 1433 547 1510 ipse,
571 1431 647 1511 quod
663 1434 768 1509 mavis,
790 1431 915 1492 adieram
927 1450 1048 1494 mecum.
1072 1432 1194 1494 Destino

168 1518 280 1592 leuim,
297 1516 321 1575 si
334 1523 426 1575 tamen
440 1514 527 1574 officii
542 1519 613 1577 ratio
627 1517 804 1594 permiserit,
823 1533 977 1577 excurrere
992 1519 1057 1578 isto.
1080 1515 1194 1578 Gaudes

190 1597 266 1678 qnod
280 1617 326 1658 me
340 1607 488 1659 venturum
499 1617 565 1659 esse
579 1599 731 1678 polliceor,
744 1600 796 1660 sed
811 1600 963 1661 contrahes
977 1599 1110 1677 frontem,
1129 1619 1194 1662 curn
1203 1609 1235 1662 15

189 1684 323 1743 adiecero
338 1681 372 1742 ad
390 1700 498 1762 paucos
512 1682 588 1744 dies:
609 1700 705 1761 neque
718 1685 792 1744 enim
803 1682 906 1745 diutius
917 1685 1020 1745 abesse
1032 1703 1078 1744 me
1093 1683 1194 1745 eadem

190 1766 261 1828 haec
277 1785 349 1847 quae
365 1767 488 1826 nondum
504 1769 582 1827 exire
596 1769 746 1846 patiuntur.
779 1765 860 1827 Vale.

603 1948 606 1954 .
657 1900 720 1961 Vll.

190 1941 301 2066 Ἀ
417 1999 443 2054 C.
465 1999 591 2052 PLINIUS
609 2000 737 2052 cumulo
756 2000 840 2053 RUFO
857 1999 918 2054 SUO
939 2000 967 2056 S.
1201 2030 1235 2084 Ὦ

164 2115 178 2166 1
245 2101 331 2162 ΜοιΙο
348 2103 489 2163 nuntiatus
505 2111 549 2162 est
567 2102 652 2162 Silius
665 2101 780 2164 ltalicus
791 2105 818 2163 in
832 2101 1020 2183 Neapolitano
1036 2118 1088 2163 suo
1100 2102 1194 2163 inedia
1279 2121 1280 2182 ι

164 2187 287 2249 ausisse
301 2188 396 2247 vitam.
417 2185 508 2247 Causa
522 2189 620 2248 mortis
631 2187 777 2247 valetudo.
795 2185 864 2247 llrat
878 2187 918 2246 illi
935 2195 1016 2248 natus
1029 2186 1193 2248 insanabilis
1279 2185 1280 2236 Ῑ

191 2269 305 2346 clavus,
330 2271 409 2329 cuius
428 2269 522 2331 taedio
542 2270 577 2330 ad
594 2280 715 2331 mortem
732 2271 916 2331 inrevocabili
935 2271 1090 2332 constantia
1104 2269 1192 2331 decu·
1279 2265 1280 2274 ’

191 2354 286 2428 currit,
302 2370 394 2430 usque
410 2351 445 2412 ad
459 2371 620 2432 supremum
633 2353 707 2414 diem
721 2355 821 2416 beatus
840 2365 869 2416 et
887 2354 968 2434 felix,
983 2355 1037 2417 nisi
1050 2353 1126 2434 quod
1141 2356 1192 2414 mi·

189 2453 288 2495 norem
302 2453 339 2494 ex
354 2434 453 2495 liberis
467 2435 578 2497 duobus
592 2438 694 2516 amisit,
709 2437 761 2499 sed
773 2441 907 2500 maiorem
918 2437 1123 2517 melioremque
1140 2438 1191 2501 llo·
1200 2443 1234 2496 25

165 2529 299 2584 drentem
311 2527 397 2599 atquc
412 2520 495 2579 etiam
511 2518 688 2581 consularem
701 2521 825 2600 reliquit.
848 2521 982 2584 laeserat
996 2521 1096 2583 lamam
1112 2539 1192 2583 suam

190 2601 379 2681 subllerone,
392 2602 562 2665 credebatur
572 2614 675 2683 sponte
686 2623 855 2675 accusasse:
872 2605 925 2670 sed
932 2609 959 2667 in
965 2605 1063 2666 Vitelli
1071 2608 1192 2666 amicitia

189 2690 334 2768 sapienter
348 2705 381 2748 se
399 2693 428 2746 et
441 2687 560 2749 comiter
571 2698 713 2766 gesserat,
726 2689 972 2769 exproconsulatu
979 2688 1064 2750 Asiae
1071 2688 1192 2767 gloriam

188 2780 396 2853 reportaverat,
410 2770 548 2832 maculam
559 2775 666 2833 veteris
677 2772 828 2834 industriae
842 2773 974 2834 laudabili
982 2773 1040 2834 otio
1054 2772 1191 2833 abluerat.

163 2855 253 2920 rsus
267 2859 341 2916 inter
354 2856 500 2934 principes
512 2857 634 2917 civitatis
645 2858 707 2917 sine
720 2859 865 2936 potentia,
878 2859 941 2919 sine
954 2857 1071 2919 invidia:
1087 2856 1236 2924 saluta-30

190 2940 281 3017 batur,
296 2937 455 3015 colebatur,
469 2936 641 3017 multumque
653 2943 682 2999 in
694 2939 801 3001 lectulo
813 2943 910 3005 iacens
927 2940 1059 3003 eubiculo
1074 2958 1193 3020 semper

189 3040 246 3083 nou
259 3040 296 3082 ex
308 3022 418 3082 lortuna
425 3020 566 3101 irequenti
574 3023 745 3086 doctissimis
752 3027 930 3087 sermonibus
936 3025 998 3088 dies
1004 3023 1191 3103 transigebat,

164 3119 255 3168 ecum
269 3123 285 3167 a
301 3105 453 3169 scribendo
467 3115 591 3168 vacaret.
612 3105 762 3169 Scribebat
774 3110 895 3170 carmina
908 3111 1013 3170 maiore
1029 3125 1095 3169 cura
1107 3125 1192 3188 quarn

189 3191 315 3268 ingenio,
331 3205 387 3250 non
398 3207 545 3270 numquam
560 3189 661 3252 iudicia
676 3192 817 3252 hominum
828 3193 1041 3254 recitationibus
1057 3193 1192 3272 experie-

164 3275 279 3339 6batur.
301 3272 462 3334 Novissime
474 3277 512 3335 ita
523 3274 706 3336 suadentibus
720 3278 798 3337 anuis
813 3276 849 3336 ab
863 3276 933 3338 urbe
948 3277 1082 3353 secessit,
1097 3282 1235 3355 sequebu

190 3360 218 3418 in
233 3355 384 3436 (lamponis
400 3361 506 3436 tenuit,
527 3377 562 3419 ac
574 3378 611 3419 ne
624 3359 746 3420 adventu
761 3359 875 3439 quidem
890 3362 957 3422 novi
972 3361 1108 3440 principis
1122 3359 1190 3420 inde

165 3448 347 3506 loommotus
361 3451 414 3502 est.
437 3441 539 3520 liugnu
551 3440 682 3504 Caesaris
693 3442 765 3521 laus,
784 3443 905 3524 subque
920 3445 976 3506 boc
991 3443 1110 3504 liberum
1124 3442 1190 3522 luit,

191 3543 290 3604 magua
304 3524 396 3602 illius,
416 3527 463 3604 qui
480 3525 534 3586 bac
547 3525 678 3588 libertate
693 3545 777 3588 ausus
795 3537 840 3588 est
857 3531 905 3590 uti.
925 3527 993 3589 Erat
1007 3521 1192 3605 φιλόκαλος
