2580 3978
345 259 607 323 EPISTULARUM
621 259 659 320 it.
682 272 723 324 re.
742 269 781 324 ro.
799 266 841 324 ιι.
1050 261 1091 326 37

91 415 252 494 habendos,
279 416 343 495 quia
361 433 418 476 non
439 416 494 476 siat
515 413 669 474 confirmati
688 420 873 481 testamento;
900 411 976 492 quod
990 415 1033 475 ius
1053 429 1118 484 nea

90 499 154 560 miri
174 498 289 579 quidem
310 501 439 579 ignotum
455 498 522 576 est,
545 515 608 558 cum
626 499 663 558 sit
677 495 721 556 lris
741 497 824 557 otiam
841 503 939 558 notum
960 498 1008 575 qui
1022 498 1092 562 nihil

91 583 164 645 aliud
174 584 277 645 sciunt
292 583 351 644 Sed
362 599 420 661 ego
431 584 574 661 propriam
586 580 723 659 quandam
735 577 830 658 legem
841 579 907 640 mihi
920 580 987 659 dlxi,
999 591 1031 642 ut
1042 583 1092 643 de·

90 668 250 728 iunctorum
255 666 429 744 renunes,
443 667 552 727 etiamsi
565 665 626 726 iure
639 663 840 742 deicerentur,
852 666 933 744 quasi
946 666 1092 744 periectas

67 758 195 813 5tuerer.
228 749 346 813 Constat
360 761 454 813 autem
469 748 618 811 codicillos
635 750 707 810 istos
722 747 842 810 Acriiaui
858 765 940 809 manu
956 750 1098 828 sempe„

89 835 168 897 Licet
186 853 257 914 ergo
272 853 331 896 non
341 836 398 896 sint
411 834 567 895 confirmati
581 841 764 911 testamento,
780 852 797 894 a
810 850 857 893 me
871 842 964 894 tamen
979 843 1011 894 ut
1024 847 1118 901 corr-3

41 989 43 995 k
90 921 188 982 iirmati
204 920 449 996 obscurabuntur,
474 917 643 998 praesertim
660 933 724 976 cum
739 915 858 978 delatori
870 915 955 978 locus
969 935 1026 978 uon
1044 919 1091 978 sit.

89 1002 159 1066 llam
174 1005 200 1064 si
214 1003 370 1064 verendum
383 1012 463 1065 esset
483 1021 520 1063 na
535 1001 612 1080 quod
625 1018 683 1078 ego
698 999 841 1061 dedissem
858 1001 983 1081 populus
996 1003 1115 1082 eripe-t

89 1097 148 1167 ret,
171 1089 347 1150 cunctantior
364 1087 488 1149 fortasse
509 1095 538 1147 et
558 1087 667 1147 cautior
679 1103 747 1146 esse
763 1085 914 1146 deberem:
942 1103 1006 1145 cum
1020 1103 1092 1147 vero

53 1171 174 1238 lolioeat
185 1171 284 1233 lrercdi
295 1171 401 1233 donare
417 1170 494 1251 quod
507 1171 536 1230 iu
547 1168 705 1230 hereditate
721 1168 861 1246 subsedit,
875 1167 944 1230 nihil
960 1170 1092 1249 estquod

89 1258 186 1318 obstet
199 1255 242 1316 illi
257 1273 338 1318 meae
355 1254 431 1334 legi,
447 1255 493 1315 cui
504 1252 638 1332 publicae
654 1250 738 1330 leges
754 1269 810 1312 non
820 1263 989 1332 repugnant.
1010 1251 1092 1316 Vale.

538 1385 629 1450 XVII.

380 1487 407 1538 O.
426 1487 552 1540 PLINIUS
571 1488 679 1540 GALLO
698 1487 759 1540 on
777 1487 804 1539 S.

55 1601 82 1653 15
151 1589 262 1652 mnam
283 1609 334 1651 cur
352 1609 399 1653 me
422 1590 621 1654 Laurentinum
642 1592 708 1671 vel,
732 1593 757 1655 si
779 1593 817 1656 ita
838 1593 942 1670 mavis,
967 1591 1117 1658 Laurensi

88 1684 272 1737 msumtanto
294 1693 384 1755 opere
406 1675 548 1738 delectet:
574 1676 688 1738 desines
704 1679 814 1756 mirari,
840 1693 903 1736 curn
920 1679 1092 1756 cognoveris

88 1762 206 1839 gratiam
220 1758 323 1838 villae,
343 1762 563 1839 oportunitatem
575 1760 652 1839 loci,
667 1761 758 1823 litoris
773 1761 905 1841 spatium.
937 1759 1047 1822 Decem
1063 1767 1119 1821 eta

89 1853 203 1923 septem
222 1842 334 1905 milibus
356 1859 492 1924 passuum
512 1846 547 1906 ab
568 1845 639 1906 urbe
661 1846 800 1922 secessit,
822 1854 852 1905 ut
871 1846 995 1924 peractis
1019 1863 1093 1926 quaa

90 1927 200 2006 agenda
220 1927 324 1988 luerint
344 1927 424 1990 salvo
446 1931 500 1991 iam
515 1938 543 1990 et
560 1931 721 2010 composito
738 1928 783 2007 die
798 1929 895 2007 possis
913 1929 952 1989 ihi
967 1947 1093 1990 manere.

51 2012 191 2072 tonditur
209 2029 266 2072 non
280 2029 333 2072 una
345 2011 406 2082 via;
428 2029 490 2076 uam
505 2022 534 2074 et
550 2013 716 2076 Laurentina
730 2023 760 2076 et
777 2011 918 2075 Ostiensis
934 2012 1036 2073 eodem
1051 2012 1093 2072 ie·

87 2105 164 2174 runt,
181 2095 235 2156 sed
249 2094 416 2159 Laurentina
430 2115 446 2157 a
463 2105 564 2175 quarto
581 2096 692 2157 decimo
706 2096 813 2175 lapide,
835 2093 975 2157 Ostiensis
991 2096 1026 2156 ab
1042 2113 1093 2154 un-

88 2180 202 2240 decimo
217 2178 402 2258 relinquenda
418 2191 473 2241 eat.
500 2180 648 2259 Utrimque
664 2181 770 2258 excipit
784 2179 840 2239 iter
853 2177 947 2258 aliqua
960 2197 997 2240 en
1011 2187 1093 2258 parto

86 2264 278 2340 harenosum,
299 2264 402 2324 iunctis
423 2263 510 2344 paulo
525 2266 640 2343 gravius
660 2274 690 2326 et
705 2263 837 2342 longius,
859 2280 936 2341 equo
956 2264 1046 2324 breve
1062 2272 1092 2324 et

86 2347 188 2408 molle.
216 2347 300 2408 Van'a
315 2345 381 2408 hinc
395 2356 480 2427 atque
495 2348 561 2408 inde
577 2348 682 2409 iacies:
699 2365 761 2409 nam
776 2347 861 2408 modo
876 2347 1119 2409 occurrentibust

47 2431 231 2496 menineris
246 2440 402 2509 coartatur,
423 2431 509 2493 modo
529 2431 673 2494 latissimis
689 2433 777 2511 pratis
793 2430 956 2492 diffunditur
969 2440 998 2493 et
1012 2441 1093 2511 pate·

87 2517 159 2585 scit;
186 2513 267 2574 multi
289 2531 397 2593 greges
413 2518 524 2593 ovium,
544 2514 632 2578 multa
644 2517 683 2576 ibi
700 2532 840 2595 equorum
854 2516 941 2578 boum
955 2525 1090 2594 armenta,

87 2617 163 2678 quae
174 2598 318 2659 montibus
329 2599 423 2660 hieme
434 2599 556 2680 depulsa
566 2599 663 2661 herbis
675 2609 706 2660 et
717 2609 820 2678 tepore
834 2615 925 2660 uerno
939 2601 1092 2660 nitescunt.

85 2681 164 2743 Villa
177 2683 278 2744 usibus
291 2699 391 2762 capax,
405 2701 462 2744 uon
476 2692 642 2761 sumptuosa
652 2683 751 2745 tutela.
774 2681 861 2744 Cuius
872 2684 900 2742 in
911 2685 1001 2761 prima
1011 2688 1119 2762 partes

86 2769 189 2829 atrium
206 2766 282 2844 frugi
301 2783 357 2827 neo
376 2774 469 2829 tanen
487 2767 647 2845 sordidum,
673 2766 775 2828 deinde
792 2767 919 2845 porticus
933 2767 961 2826 in
975 2765 1000 2825 D
1016 2754 1093 2826 litte·

46 2855 136 2914 torae
151 2849 364 2911 similitudinem
379 2853 577 2930 circumactae,
595 2852 698 2930 quibus
713 2849 831 2930 parvola
846 2850 898 2911 sed
911 2850 1015 2912 festiva
1027 2867 1093 2912 area

86 2935 250 2995 includitur.
272 2933 430 3012 Egregium
443 2935 497 2997 hae
512 2933 650 2997 adversus
664 2943 851 3014 tempestates
861 2932 1092 3013 receptaculum:

85 3033 151 3080 nam
167 3017 367 3097 specularibus
383 3035 417 3080 ae
432 3019 520 3080 multo
534 3021 625 3097 magis
638 3019 847 3080 imminentibus
867 3020 953 3078 tectis
965 3019 1093 3078 muniun-

86 3112 144 3163 tur.
165 3101 221 3163 Est
237 3111 335 3165 contra
351 3103 458 3165 medias
475 3103 639 3165 cavaedium
654 3101 761 3180 hilare,
775 3117 842 3162 mon
855 3101 1007 3162 triclinium
1024 3103 1118 3164 satist>

86 3187 252 3265 pulchrum,
270 3185 347 3264 quod
362 3189 390 3246 in
404 3186 471 3249 litus
483 3185 620 3265 excurrit,
636 3204 670 3248 ac
682 3188 706 3248 si
721 3186 833 3265 quando
848 3185 947 3246 Africo
961 3201 1037 3246 mare
1052 3187 1093 3245 in·

47 3277 78 3333 ὃὸ
87 3271 205 3349 pulsum
216 3278 277 3347 est,
292 3270 390 3333 irootis
403 3273 457 3333 iam
474 3282 504 3333 et
519 3269 681 3332 novissimis
696 3271 830 3330 lluetibus
845 3268 948 3331 leuiter
961 3268 1093 3330 adluitur.

87 3354 222 3434 Undique
236 3353 335 3416 valvas
348 3364 396 3416 aut
410 3355 550 3416 fenestras
565 3371 623 3415 non
639 3356 764 3415 minores
775 3352 866 3414 valuns
881 3353 984 3430 hahet,
1007 3361 1094 3432 atque

88 3440 125 3501 ita
141 3457 159 3502 a
173 3438 312 3500 lateribus
324 3453 341 3500 a
354 3437 448 3500 ironte
460 3441 541 3519 quasi
556 3440 607 3500 tria
621 3440 707 3500 maria
721 3446 903 3517 prospectam
921 3455 938 3498 a
952 3445 1034 3513 tergo
1047 3454 1093 3496 oa-

88 3523 239 3602 vaedium,
256 3523 415 3604 porticum,
430 3539 541 3601 aream,
558 3525 700 3602 porticum
714 3539 825 3600 rursus,
840 3537 907 3581 mox
917 3521 1028 3596 atrium,
1043 3515 1092 3577 sii·
