2604 3972
370 254 634 318 EPISTULARUM
647 256 724 317 vill.
744 267 788 320 12.
801 267 845 321 1&
857 268 900 320 14.
1047 258 1141 323 463

129 409 336 472 iunctissimum
353 409 515 489 exemplar,
540 410 588 490 qui
606 409 731 488 denique
753 429 818 471 euru
838 412 1018 490 potissimum
1033 411 1141 473 imitan-

130 493 195 554 dum
210 493 300 556 habes
320 495 365 554 cui
379 504 476 555 natura
494 512 561 557 esse
576 503 607 554 te
621 493 791 585 simillimum
801 495 902 556 voluit.
934 495 1017 556 Vale.

587 626 681 688 Xllll.

102 754 122 806 5
405 726 431 777 O.
450 727 575 779 PLINIUS
593 727 746 778 ARISTONI
765 727 825 780 SUO
845 726 870 778 S.

192 827 265 891 Cum
278 830 319 891 sis
338 830 527 909 politissimus
542 840 572 892 et
586 832 688 912 privati
704 830 773 892 iuris
789 839 819 891 et
834 828 959 909 publici,
976 829 1056 892 ouius
1072 848 1138 910 pars
1147 857 1162 910 1

127 915 302 976 senatorium
319 924 382 992 est,
405 916 490 994 cupio
511 933 548 977 ex
563 924 593 976 te
614 915 793 995 potissimum
808 915 922 992 audire,
940 917 1094 976 erraverim
1110 917 1138 976 iu

127 1006 228 1061 senatu
248 998 377 1079 proxime
400 1017 511 1079 necne,
538 1016 596 1060 non
616 1009 647 1061 ut
664 1000 693 1059 in
714 1001 896 1078 praeteritum
917 999 1029 1080 (serum
1046 1001 1136 1080 enirn)

126 1100 226 1144 rerum
241 1092 272 1144 ut
285 1084 314 1142 in
329 1083 470 1162 futurum,
488 1086 514 1146 si
530 1084 597 1164 quid
611 1085 703 1146 simile
724 1084 873 1162 inciderit,
894 1082 1013 1145 erudiar.
1045 1085 1163 1161 Dicesp

86 1173 193 1235 lo‘cur
207 1167 321 1246 quaeris
338 1165 416 1247 quod
431 1185 519 1229 nosse
535 1165 703 1230 debebasi'
730 1168 858 1229 Priorum
872 1177 1032 1248 temporum
1046 1172 1136 1230 servi·

124 1261 172 1313 tus
187 1260 218 1312 ut
231 1250 347 1312 aliarum
365 1253 531 1332 optimarum
551 1253 650 1314 artium
672 1255 715 1313 sie
729 1253 815 1313 etiam
827 1253 897 1314 iuris
913 1253 1048 1314 senatorii
1063 1254 1135 1314 obli·
1223 1309 1232 1325 ,

123 1336 239 1396 sionem
261 1336 397 1415 quandam
420 1346 450 1398 et
472 1337 658 1415 ignorantiam
679 1337 795 1398 induxit.
834 1334 944 1409 Quotus
967 1339 1040 1398 enim
1058 1340 1161 1417 quis-3

124 1438 182 1501 que
205 1429 261 1480 tam
280 1421 392 1500 patiens
412 1430 443 1481 ut
464 1420 535 1482 velit
557 1421 670 1482 discere
693 1420 770 1502 quod
791 1421 820 1481 iu
834 1439 887 1482 usu
903 1439 960 1481 nou
975 1423 1011 1482 sit
1025 1420 1134 1484 habitu·

122 1501 194 1565 rus?
215 1504 298 1566 Adde
314 1505 391 1584 quod
406 1503 524 1566 dillicile
541 1516 586 1568 est
601 1513 704 1567 tenere
716 1523 789 1585 quae
804 1506 966 1584 acceperis,
982 1506 1037 1567 uisi
1052 1525 1135 1568 exer·

83 1599 114 1652 15
124 1607 202 1652 ceos.
225 1587 324 1670 ltaque
339 1589 458 1651 reducta
472 1589 591 1652 libertas
602 1591 688 1652 rudes
704 1607 757 1650 uos
773 1599 803 1650 et
816 1591 956 1670 inperitos
973 1589 1121 1670 deprehen

122 1673 177 1743 dit;
207 1675 288 1735 cuius
309 1673 462 1734 dulcedine
483 1675 599 1737 accensi
625 1675 755 1754 cogimur
782 1672 920 1754 quaedam
945 1674 1043 1735 lacere
1067 1685 1133 1736 aute

121 1775 313 1839 quamuosse.
345 1757 415 1819 Erat
434 1768 527 1820 autem
544 1759 696 1838 antiquitus
718 1761 874 1820 institutum
894 1767 924 1818 ut
944 1760 1156 1823 amaioribus4

120 1851 187 1904 natu
201 1860 258 1903 uon
276 1843 390 1904 auribus
410 1843 496 1904 modo
516 1845 718 1905 verumetiam
740 1843 832 1905 oculis
856 1843 1032 1904 disceremus
1058 1863 1131 1923 quae

120 1926 252 1988 iacienda
272 1944 339 1988 rnox
359 1927 415 2006 ipsi
433 1946 468 1988 ac
489 1945 543 2008 per
562 1929 643 1989 uices
664 1927 799 2006 quasdam
820 1926 955 1988 tradenda
974 1927 1131 1990 minoribus

76 2010 300 2074 aohaberenus.
333 2008 402 2072 lnde
423 2010 632 2073 adulescentuli
652 2013 746 2075 statim
769 2011 964 2073 castrensibus
979 2011 1156 2091 stipendiis5

118 2095 331 2174 imbuebantur,
353 2105 383 2177 ut
397 2096 537 2175 imperare
551 2096 695 2175 parendo,
711 2096 801 2158 duces
815 2114 919 2173 agere,
945 2094 1010 2153 dum
1026 2114 1129 2156 secun·

118 2190 175 2259 tur,
192 2181 413 2242 adsuescerent:
429 2178 496 2240 inde
510 2179 635 2242 bonores
651 2179 767 2260 petituri
784 2178 958 2242 adsistebant
974 2179 1070 2240 curiae
1085 2179 1129 2241 lo·

117 2266 197 2326 ribus
213 2274 242 2327 et
255 2263 366 2326 consilii
378 2263 486 2345 publici
498 2273 679 2344 spectatores
694 2273 759 2326 aute
773 2282 856 2344 mam
871 2272 1023 2326 consortes
1038 2273 1128 2325 erant.

117 2349 195 2412 Suus
216 2349 320 2428 cuique
340 2367 445 2428 parens
467 2366 519 2428 pro
541 2349 698 2426 magistro,
718 2358 765 2410 aut
786 2348 832 2410 cui
855 2366 959 2428 pareus
980 2366 1037 2409 nou
1053 2359 1125 2429 erat,
1137 2349 1164 2412 δ’

73 2445 108 2498 25
117 2435 255 2495 maximus
270 2433 391 2513 quisque
406 2443 436 2495 et
449 2434 660 2497 uetustissimus
674 2449 728 2514 pro
743 2441 872 2514 parente.
900 2432 980 2507 Quae
996 2443 1127 2514 potestas

116 2518 327 2596 referentibus,
350 2518 426 2597 quod
448 2518 632 2580 censentibus
652 2521 715 2595 ius,
741 2518 879 2598 quaevis
901 2518 1125 2597 magistratibus,

117 2621 191 2683 quae
208 2604 313 2664 ceteris
329 2602 464 2681 libertas,
486 2603 533 2663 ubi
556 2603 731 2680 cedendum,
755 2603 804 2662 ubi
820 2602 1028 2680 resistendum,
1048 2603 1125 2680 quod

116 2686 221 2748 silendi
237 2696 367 2766 tempus,
390 2688 453 2766 quis
469 2684 582 2746 dicendi
600 2686 719 2762 modus,
747 2705 820 2765 quae
837 2685 980 2746 distinctio
997 2704 1124 2764 pugnan-

115 2773 184 2832 tium
199 2773 498 2850 sententiarumque
513 2772 663 2833 exsecutio
677 2771 820 2851 prioribus
833 2767 938 2849 aliquid
948 2767 1124 2840 addentium

72 2858 229 2918 boomnem
244 2855 368 2935 denique
380 2856 551 2918 senatorium
565 2871 690 2934 morem,
713 2853 790 2934 quod
802 2852 996 2916 fidelissimum
1013 2855 1124 2933 praeci-

114 2941 213 3021 piendi
229 2959 339 3020 genus,
363 2940 503 3019 exemplis
521 2938 707 3002 docebantur.
741 2939 787 3000 Ad
808 2957 861 3000 uos
881 2938 1002 3000 iuvenes
1020 2938 1151 3008 luimust

114 3025 230 3106 quidem
246 3027 276 3086 iu
294 3027 408 3094 eastris;
432 3025 485 3087 sed
500 3043 563 3084 eum
578 3033 716 3105 suspecta
729 3026 839 3103 virtus,
861 3023 961 3085 inertia
975 3024 1004 3082 in
1017 3025 1122 3103 pretio,

114 3129 179 3171 cum
193 3109 314 3172 ducibus
326 3110 477 3171 auctoritas
494 3107 589 3188 nulla,
604 3108 682 3169 nulla
694 3107 831 3171 militibus
843 3107 1033 3184 verecundia,
1056 3127 1123 3169 nus·

113 3211 198 3277 mam
207 3196 365 3276 lmperium,
378 3212 516 3274 nusquam
527 3194 706 3274 obsequium,
725 3194 817 3254 omnia
830 3192 935 3270 soluta,
949 3192 1059 3253 turbata
1073 3192 1123 3253 ad·

71 3286 171 3360 ioque
191 3281 276 3342 etiam
292 3282 320 3340 in
342 3279 512 3342 contrarium
527 3297 629 3357 versa,
654 3288 801 3359 postremo
823 3275 1019 3339 obliviscenda
1031 3277 1122 3354 magis

114 3381 199 3445 quam
212 3363 345 3426 tenenda.
378 3363 457 3425 ldem
478 3363 680 3444 prospeximus
695 3365 818 3441 curiam,
845 3361 899 3423 sed
915 3361 1020 3422 curiam
1034 3362 1147 3440 tropi-8

114 3449 177 3510 dam
192 3459 221 3511 et
241 3448 401 3529 elinguem,
424 3466 488 3509 cum
505 3449 602 3509 dicere
617 3446 694 3526 quod
709 3447 804 3509 uelles
818 3443 1030 3526 periculosum,
1045 3441 1122 3524 quod

114 3533 208 3596 nolles
224 3536 359 3596 miserum
379 3542 468 3596 esset.
500 3531 574 3607 Quid
593 3543 661 3594 tuuc
683 3531 755 3594 disci
771 3532 879 3611 potuit,
896 3528 970 3674 1ιιίιιέί
985 3527 1121 3589 didicisse
