2604 3972
183 279 245 342 208
485 273 517 336 Ο.
540 273 637 334 PLlNl
658 271 707 334 ΕΤ
729 271 887 335 TRAIANI

185 429 278 511 quod,
296 439 327 490 ut
341 429 396 489 iam
416 428 541 490 dixerant
563 435 739 489 sacramento
756 426 888 504 militari,
910 424 1033 485 nondum
1048 423 1193 485 distributi

184 517 212 575 iu
226 529 359 575 numeros
374 523 463 574 emnt.
486 512 562 587 Quid
575 529 645 590 ergo
658 511 777 571 debeam
788 511 870 588 sequi
881 525 967 587 rogo,
980 507 1104 587 domiue,
1120 509 1192 568 scri·

104 665 107 670 ,
184 599 247 676 bas,
263 599 431 679 praesertim
446 614 510 657 cnm
525 599 665 674 pertineat
679 595 714 656 ad
729 592 900 674 exemplum.

535 729 626 790 xxx.
641 725 837 808 [1111111]
1199 765 1219 816 ⁵

517 826 682 877 TRAIANUS
699 825 805 878 PLINIO
816 825 851 876 'S.

157 929 172 980 1
245 910 407 972 Secundum
425 912 554 973 mandata
573 930 636 972 mea
656 911 727 972 lecit
747 911 933 990 Sempronius
955 908 1107 972 Caelianus
1127 913 1190 973 mit·

184 997 270 1058 tendo
285 996 320 1056 ad
334 1005 364 1056 te
381 1012 434 1057 eos
450 996 605 1074 dequibus
621 997 759 1074 cognosci
777 996 920 1076 oportebit
934 1013 969 1056 an
985 993 1106 1073 capitale
1122 1013 1190 1075 sup-

183 1081 300 1160 plicium
314 1082 453 1141 meruisse
467 1079 626 1140 videantur.
659 1079 761 1140 Refert
781 1087 875 1140 autem
895 1079 1045 1140 voluntarii
1059 1097 1093 1140 se
1108 1079 1190 1140 obtu-

156 1165 267 1229 nlerint
283 1183 319 1226 au
333 1164 401 1226 lecti
416 1165 471 1226 sint
483 1164 531 1225 vel
547 1165 630 1225 etiam
645 1165 743 1224 vicarii
758 1162 827 1224 dati.
858 1163 939 1225 Lecti
952 1165 980 1224 11
996 1173 1077 1240 sunt,
1099 1163 1238 1241 inqui-10

183 1250 249 1310 sitio
265 1251 413 1329 peccavit:
436 1251 462 1307 si
481 1250 579 1309 vicarii
595 1247 666 1325 dati,
689 1265 780 1326 penes
805 1265 857 1308 eos
879 1247 963 1327 culpa
980 1256 1025 1308 est
1041 1248 1088 1326 qui
1103 1247 1191 1308 dede-

182 1341 261 1392 mnt:
277 1335 300 1393 11
316 1334 388 1413 ipsi,
404 1350 469 1392 cum
483 1333 622 1394 haberent
637 1330 806 1393 conditionis
820 1349 890 1394 suan
906 1332 1126 1409 conscientiam,
1140 1349 1192 1391 ve·

183 1425 300 1495 nemut,
323 1417 600 1478 animadvertendum
620 1418 648 1476 in
669 1414 736 1476 illos
760 1417 823 1476 erit.
855 1415 959 1495 Neque
981 1416 1055 1476 enim
1075 1414 1192 1475 multum

183 1502 304 1560 interest
325 1501 402 1578 quod
421 1501 544 1561 noudum
564 1517 618 1580 per
631 1515 764 1561 numeros
782 1499 923 1562 distributi
938 1509 1013 1560 sunt.
1044 1497 1099 1559 llle
1117 1501 1191 1559 euim

184 1583 246 1644 dies
270 1583 347 1663 [pro]
371 1599 428 1663 quo
443 1587 561 1664 primum
579 1585 690 1663 probati
711 1592 776 1644 sunt
795 1585 944 1644 veritatem
964 1583 998 1644 ab
1018 1583 1055 1642 iis
1073 1583 1190 1660 originis
1202 1600 1238 1652 15

184 1684 252 1728 suae
267 1668 373 1744 exegit.

580 1749 683 1812 XXXI.
709 1749 791 1830 [XL]

406 1849 433 1900 G.
452 1848 578 1902 PLINIUS
597 1850 743 1902 TRAIANO
761 1847 971 1902 IMPERATONI.

160 1945 174 1996 l
236 1935 334 1997 ¹Salva
344 1935 534 2015 magnitudine
550 1946 607 2015 tua,
626 1937 749 2015 domine,
766 1936 925 1999 descendas
943 1944 1057 2016 oportet
1067 1935 1103 1997 ad
1112 1953 1192 1996 meas

184 2039 286 2100 curas,
309 2038 373 2081 cum
386 2022 430 2082 ius
447 2021 513 2081 mihi
530 2021 643 2082 dederis
659 2021 804 2082 referendi
816 2020 852 2081 ed
866 2029 896 2081 te
909 2019 945 2081 de
960 2020 1064 2100 quibus
1079 2018 1190 2080 dubito.
1201 2035 1239 2091 20

158 2103 217 2167 111
232 2105 380 2184 plerisque
398 2104 575 2185 ciuitatibus,
591 2107 710 2166 maxime
725 2103 910 2165 Nicomediae
926 2113 956 2164 et
969 2103 1113 2183 Nicaeae,
1130 2106 1192 2183 qui-

185 2188 248 2249 dam
261 2188 310 2248 vel
330 2191 359 2249 11
380 2206 453 2268 opus
475 2188 593 2251 damuati
613 2189 660 2249 vel
682 2190 710 2249 in
730 2188 825 2249 ludum
845 2187 1005 2267 similiaque
1024 2188 1069 2249 his
1084 2205 1193 2266 genera

185 2285 341 2350 poenarum
355 2273 540 2352 publicorum
561 2290 708 2334 servorum
729 2273 826 2334 officio
840 2274 1056 2352 ministerioque
1070 2271 1192 2350 lungun-
1289 2339 1290 2350 p

184 2365 231 2416 tur
243 2365 329 2434 atque
341 2357 424 2416 etiam
434 2365 465 2416 ut
476 2357 582 2435 publici
594 2358 671 2418 servi
683 2375 773 2417 annua
787 2356 937 2436 accipiunt.
961 2356 1046 2431 Quod
1058 2373 1115 2435 ego
1128 2373 1194 2416 cum

158 2438 339 2514 aaudissem,
356 2437 403 2497 diu
418 2439 591 2517 multumque
605 2440 743 2501 haesitavi
757 2441 825 2518 quid
840 2440 938 2502 faeere
954 2440 1099 2501 deberem.
1120 2439 1193 2500 Nam
1203 2455 1238 2508 25

185 2530 215 2583 et
235 2519 358 2581 reddere
379 2538 493 2601 poenae
515 2531 580 2602 post
598 2523 714 2601 longum
735 2532 847 2605 tempus
864 2525 1022 2605 plerosque
1035 2526 1089 2584 iarn
1104 2540 1192 2586 senes

185 2614 224 2683 et,
242 2613 375 2685 qnantum
388 2605 563 2684 adfirmatur,
585 2607 735 2686 impuliter
754 2608 942 2689 modesteque
962 2611 1094 2669 viventes
1109 2609 1193 2670 nimis

185 2708 317 2751 severum
331 2689 498 2770 arbitrabar,
515 2700 544 2751 et
558 2691 718 2771 inpublicis
730 2692 834 2754 officiis
844 2696 970 2754 retinere
981 2693 1125 2754 damnatos
1136 2709 1195 2753 nou

185 2777 253 2836 satis
275 2774 426 2836 honestum
445 2775 590 2855 putabam
617 2777 734 2839 eosdem
755 2795 854 2838 rursus
879 2795 895 2838 a
921 2793 954 2838 re
974 2777 1091 2858 publica
1111 2777 1194 2856 pasci

158 2859 296 2919 lotiosos
310 2858 426 2938 inutile,
441 2876 498 2920 non
512 2863 591 2939 pasci
606 2862 690 2921 etiam
703 2859 896 2941 periculosum
910 2861 1113 2924 existimabam.
1133 2859 1194 2921 Ne·
1203 2868 1240 2924 3⁰

185 2943 313 3002 cessario
328 2958 398 3019 ergo
412 2960 473 3002 rem
486 2952 584 3020 totam,
601 2943 666 3004 dum
676 2954 705 3006 te
722 2944 918 3024 consulerem,
938 2947 966 3007 in
987 2962 1130 3027 suspenso
1146 2963 1194 3006 re·

184 3023 264 3102 liqui.
298 3023 427 3096 Quaeres
449 3025 573 3088 fortasse
594 3028 827 3107 quemadmodum
850 3031 980 3091 evenerit
999 3030 1150 3109 utpoenis
1166 3031 1195 3088 in

185 3126 257 3188 quas
278 3107 398 3168 damnati
419 3119 498 3170 eraut
518 3111 749 3174 exsolverentur:
772 3122 802 3175 et
822 3130 878 3192 ego
900 3115 1025 3194 quaesti,
1048 3113 1102 3174 sed
1122 3111 1194 3174 nihil

186 3194 303 3272 conperi
325 3192 401 3271 quod
420 3193 566 3256 adfirmare
587 3197 638 3258 tibi
662 3197 779 3276 possim.
812 3197 850 3259 Ut
865 3197 981 3259 decretu
996 3197 1100 3277 quibus
1116 3197 1194 3258 dam·

184 3277 242 3335 nati
263 3285 343 3337 emnt
362 3277 597 3361 proferebantur,
620 3281 659 3341 ita
678 3281 756 3342 nulla
775 3283 943 3344 monimenta
957 3283 1061 3362 quibus
1076 3280 1238 3344 1111111ῑί35

158 3359 383 3438 epicharmum
411 3361 498 3423 ldmnt
511 3373 603 3425 tanmn
614 3367 662 3445 qui
681 3365 811 3426 dicerent
823 3365 1014 3447 deprecantes
1029 3368 1111 3426 iussu
1124 3382 1195 3447 pro·

188 3442 337 3504 consulum
345 3444 541 3523 legatorumve
551 3447 692 3510 dimissos.
715 3448 848 3511 Addebat
859 3451 942 3512 fldem
958 3451 1035 3531 quod
1050 3447 1197 3512 credibile

186 3535 247 3587 emt
261 3529 401 3590 neminem
415 3529 472 3592 hoc
487 3549 585 3594 ausum
599 3535 662 3594 sine
677 3542 804 3598 auctore.
