2580 3970
247 253 508 318 EPISTULARUM
521 266 696 319 ros-ua
712 258 912 338 [mo—urai
1017 255 1080 319 235

469 402 583 469 cvuu.
607 403 694 486 [cxi

407 501 574 557 TRAIANUS
592 504 699 555 PLINIO
718 503 745 554 S.

143 608 207 683 Quo
226 609 288 668 iure
302 609 342 670 uti
356 607 478 674 debeant
490 607 628 683 Bithynae
641 606 690 668 vel
707 606 842 668 Ponticae
859 606 988 666 civitates
1003 605 1032 664 in
1045 605 1079 666 iis

77 693 207 773 pecuniis
227 710 301 771 quac
323 710 361 753 ex
380 710 491 772 quaque
515 709 602 754 causa
622 692 664 752 rei
690 689 824 771 publicae
845 687 1022 750 debebantur
1043 707 1080 748 ex

50 777 146 855 alege
161 776 299 855 cuiusque
313 774 589 837 anImadvertendnnr
604 783 657 836 est.
684 772 755 835 Nam
768 775 831 835 sive
845 773 949 834 habent
963 771 1080 852 privile-

75 862 155 938 qum
166 876 223 939 quo
238 860 342 920 ceteris
358 858 546 921 creditorIbus
562 867 778 939 anteponantur,
794 855 1008 918 custodiendum
1022 864 1078 933 est,

76 945 142 1004 sive
167 959 224 1003 non
245 942 367 1020 babent,
393 944 422 1001 in
444 943 571 1006 Inluciam
593 945 766 1023 privatorum
786 940 816 1001 id
842 940 901 1000 dari
922 957 1002 1001 ame
1021 957 1078 999 non

77 1026 231 1105 oportebit.

489 1121 550 1183 CX.
572 1119 670 1200 [CXI]

32 1216 68 1267 10
296 1219 322 1272 (l.
341 1219 467 1274 PLINIUS
485 1219 630 1272 TRAIANO
649 1216 857 1270 IMPERATORI.

141 1316 279 1394 Ecdicus,
293 1317 418 1398 domitae,
434 1319 632 1382 Amisenorum
646 1317 768 1378 ciritatIs
781 1316 901 1395 petebat
914 1315 988 1394 apud
1003 1331 1050 1374 me
1062 1325 1104 1378 al

76 1398 153 1462 Iulio
172 1400 276 1464 Pisone
297 1402 477 1466 denariorum
496 1403 611 1464 clrciter
632 1400 814 1481 quadraginta
827 1397 914 1475 milia,
930 1397 1032 1458 donata
1051 1398 1079 1456 ei

77 1484 196 1564 publice
210 1495 276 1546 ante
288 1486 387 1564 viginti
408 1503 499 1547 annos
519 1485 587 1548 bule
606 1494 637 1546 et
651 1483 778 1546 ecclesia
792 1483 1000 1559 consentiente,
1017 1489 1079 1540 ute·

78 1569 219 1648 baturque
233 1569 367 1633 mandatis
381 1570 455 1647 tuis,
477 1569 579 1648 quibus
600 1567 738 1629 eiusmodi
759 1565 925 1628 donationes
938 1573 1077 1626 vetantur.

33 1670 68 1722 15
78 1651 147 1712 Piso
168 1662 266 1712 contra
286 1652 404 1732 plurlma
421 1671 453 1713 se
472 1654 502 1712 in
521 1671 582 1728 repr
598 1651 740 1731 pubIIcum
761 1648 917 1712 contulisse
937 1667 971 1709 ac
986 1656 1105 1728 propeb

77 1743 153 1796 totas
168 1734 317 1796 facultates
332 1753 470 1814 erogasse
482 1734 604 1796 dicebat.
625 1734 758 1797 Addebat
769 1735 853 1796 etlam
864 1733 1001 1811 temporis
1012 1748 1079 1809 spa·

77 1819 148 1878 tium
161 1818 380 1898 postulabatque
402 1838 439 1880 ne
458 1817 487 1879 id
501 1820 578 1898 quod
593 1835 646 1898 pro
662 1817 757 1878 multis
777 1827 806 1879 et
828 1817 894 1876 olim
915 1815 1079 1892 accepisset

77 1919 145 1962 cum
166 1903 322 1980 eversione
331 1903 460 1982 reIIquae
475 1901 617 1980 dignitatis
631 1901 753 1962 reddere
769 1908 932 1978 cogeretur.
969 1896 1078 1969 Quibus

77 2003 117 2046 ex
129 1987 223 2048 causis
243 1988 380 2063 iutegram
396 1986 587 2063 coguitionem
601 1984 784 2045 differendum
798 1982 974 2061 existImari,
992 1988 1022 2039 nt
1036 1989 1078 2057 te,

31 2080 68 2132 bo
78 2068 202 2148 domine,
219 2068 398 2132 consulerem
412 2068 479 2147 quid
494 2067 671 2146 sequendum
686 2076 811 2146 putares.

475 2198 550 2261 oxu.
571 2198 684 2278 [ωσι]

405 2299 566 2350 TRAIANUS
583 2299 688 2350 PLINIO
708 2298 734 2349 S.

141 2402 222 2462 Sicut
238 2400 402 2480 largitiones
423 2419 460 2463 ex
480 2400 597 2480 publico
617 2402 678 2462 beri
697 2399 824 2462 mandata
839 2399 1008 2480 probibent,
1029 2399 1078 2475 ita,

31 2501 67 2552 25
77 2505 116 2548 ne
129 2485 281 2546 multorum
295 2486 434 2546 securitas
449 2486 615 2564 subruatur,
639 2485 730 2547 iactas
744 2494 809 2546 ante
822 2483 994 2564 aliquantum
1008 2491 1079 2544 tem·

75 2570 158 2649 poris
172 2571 319 2629 retractari
337 2579 423 2648 atque
440 2571 469 2629 iu
482 2571 595 2630 inritum
612 2568 747 2630 vindicari
761 2586 819 2628 non
832 2576 959 2647 oportet.
992 2563 1079 2639 Quid·

77 2651 147 2731 quid
162 2669 234 2730 ergo
255 2670 293 2712 ex
311 2652 366 2712 bac
388 2670 473 2714 causa
486 2662 579 2713 actum
598 2662 664 2714 ante
684 2653 785 2731 ulginti
800 2669 889 2712 annos
905 2653 976 2728 erit,
997 2649 1078 2709 omit·
1168 2667 1170 2672 ·

76 2746 179 2798 tamus.
211 2734 276 2796 Non
295 2737 386 2798 minus
401 2737 476 2796 enlm
488 2735 647 2799 homiuibus
662 2737 800 2814 cuiusque
816 2733 874 2795 loci
891 2751 974 2813 pam
989 2748 1078 2811 pecu·

75 2820 142 2881 ulae
154 2818 287 2900 publicae
303 2818 463 2882 consultum
476 2819 554 2880 volo.

31 2915 68 2968 ³⁰
459 2948 545 3013 cxu.
570 2948 696 3030 [curu]
813 2949 817 2958 ’

301 3051 329 3102 C.
347 3051 472 3103 PLINIUS
487 3051 630 3102 TRAIANO
645 3049 854 3103 manusnotat.

140 3151 201 3212 Lex
217 3151 361 3233 Pompelo,
378 3152 501 3230 domine,
518 3170 572 3232 qua
585 3151 697 3228 bithyni
713 3162 743 3213 et
756 3151 864 3213 Pontici
877 3159 1008 3225 utuntur,
1025 3163 1102 3214 eos1

76 3236 170 3314 quiin
186 3234 273 3296 bulen
292 3252 308 3294 a
328 3236 497 3298 censoribus
517 3235 651 3314 leguntur
664 3237 732 3298 dare
747 3235 896 3315 pecuniam
913 3249 970 3293 nou
983 3231 1077 3292 iubet:

31 3318 132 3381 sessi
147 3320 255 3398 tiques
274 3317 450 3396 indulgentia
468 3330 518 3381 tua
540 3319 707 3398 quibusdum
724 3318 883 3381 civitatibus
901 3335 989 3396 super
1004 3315 1078 3394 legi-

74 3406 174 3465 timum
187 3419 333 3464 numerum
350 3402 465 3464 adicere
479 3405 609 3482 permisit
624 3412 656 3466 et
673 3401 785 3480 singula
803 3400 879 3462 milia
900 3401 1079 3462 denariorum

75 3495 107 3548 et
132 3488 198 3548 blna
222 3485 385 3546 intulerunt.
424 3486 542 3549 lutatus
565 3485 667 3548 deinde
687 3485 825 3548 bluuimus
846 3482 1003 3564 proconsul
1026 3491 1104 3542 eost
