2604 3972
145 279 207 343 228
446 271 478 335 O.
501 272 599 334 I’LINI
619 271 669 332 ΕΤ
690 269 846 332 TRAIANI

145 429 364 491 vindicationem
378 428 516 487 bonomm
533 443 549 484 a
565 425 631 485 divo
648 424 778 502 Augusto
792 422 946 498 adfirmant,
965 419 1084 481 debebis
1099 437 1148 480 va-

148 532 214 575 care
236 513 389 574 contractis
410 510 538 572 omnibus
558 510 690 587 personIs
705 507 739 567 ad
754 506 831 566 idem
845 507 991 583 negotium
1004 505 1149 581 pertiuen-

147 599 241 675 tibus,
270 596 401 656 adhibitis
419 593 517 654 Virdio
539 590 696 652 Gemellino
713 599 742 650 et
754 588 928 667 Epimacho,
950 587 1052 647 liberto
1070 603 1148 665 meo,

148 680 398 760 procuratoribus,
419 686 450 737 ut
470 675 624 736 aestimatis
646 676 730 734 etiam
749 675 785 734 iis
806 690 879 751 quae
901 679 999 732 contra
1019 670 1150 732 dicuntur

150 764 226 843 quod
241 764 377 843 optimum
392 759 570 839 credideritis
585 759 722 818 statuatis.
1159 755 1176 808 5

514 889 649 952 cxxxv.
673 889 786 968 [nuru]

370 994 397 1046 U.
414 990 539 1044 PLINIUS
555 989 698 1040 TRAIANO
715 985 924 1054 IMPERATORI.

211 1094 377 1172 ldaximum,
399 1092 531 1153 libertum
552 1101 582 1152 et
596 1099 811 1170 procuratorem
824 1098 919 1165 tuum,
944 1087 1073 1165 domine,
1095 1105 1150 1166 per

150 1198 233 1242 omne
247 1189 359 1257 tempus
374 1195 431 1256 quo
446 1175 547 1238 inimus
563 1193 618 1235 una
632 1176 753 1254 probum
768 1182 797 1235 et
808 1171 974 1234 industrium
989 1180 1018 1232 et
1028 1171 1150 1249 diligen·
1159 1177 1193 1231 lo

149 1274 207 1325 tem
226 1279 261 1324 ae
282 1262 355 1322 sicut
375 1263 417 1321 rei
435 1269 502 1321 ‘tuae
524 1259 742 1320 amantissimum
758 1258 797 1316 ita
818 1254 984 1335 disciplinae
999 1255 1149 1316 tenacissi-

149 1366 224 1407 mum
241 1355 395 1425 expertus,
417 1343 540 1403 libenter
554 1342 629 1421 apud
643 1353 673 1404 te
688 1340 852 1403 testimonio
868 1355 1030 1418 prosequor
1045 1356 1080 1399 ea
1094 1338 1150 1398 fide

150 1449 233 1510 quam
249 1429 300 1489 tibi
315 1428 419 1489 debeo.

493 1557 644 1621 nxxxvr.
667 1557 795 1637 [xviii]

371 1658 399 1711 O.
419 1658 543 1710 PLINIUS
561 1656 703 1707 TRAIANO
717 1655 924 1708 IMPERATORI.

125 1778 141 1830 l
216 1760 332 1822 Gabium
345 1761 480 1836 Bassum,
494 1760 622 1838 domine,
638 1758 814 1838 praelectum
831 1776 899 1819 orae
916 1757 1064 1833 Ponticae,
1079 1756 1150 1814 inte-

153 1863 251 1924 grum,
272 1845 409 1924 probum,
427 1844 609 1921 industrium,
631 1853 717 1922 atque
732 1844 807 1904 inter
821 1843 876 1904 ista
889 1839 1151 1902 reverentissimum

152 1929 208 1988 mei
220 1937 367 2009 expertus,
382 1938 450 1989 voto
461 1928 567 2007 pariter
578 1935 608 1988 et
619 1927 753 2004 suffragio
771 1942 934 2006 prosequor
951 1943 986 1984 ea
999 1922 1054 1984 lide
1069 1939 1152 2001 quum

33 2083 36 2089 ¹
152 2013 203 2072 tibi
220 2012 313 2073 debeo
333 2021 352 2082 †
370 2029 453 2091 quam
474 2029 596 2090 eaquae
613 2019 712 2091 speret
726 2011 893 2071 instructum
907 2006 1072 2069 commilitio
1088 2014 1193 2082 tumult

125 2097 233 2162 bcuius
250 2095 416 2174 disciplinae
434 2095 521 2156 debet
535 2095 612 2174 quod
624 2093 798 2172 indulgentia
812 2102 859 2155 tua
873 2092 975 2170 dignus
989 2099 1043 2151 est.
1065 2087 1151 2169 Apud

152 2197 199 2239 me
214 2187 243 2239 et
256 2178 360 2240 milites
375 2188 403 2238 et
416 2180 529 2258 pagani,
544 2197 560 2238 a
575 2179 677 2258 quibus
693 2179 797 2239 iustitia
811 2178 873 2237 eius
887 2185 916 2236 et
931 2174 1085 2235 humanitas
1101 2191 1153 2252 pe·

151 2262 227 2323 nitus
241 2264 372 2341 inspectu
389 2270 451 2338 est,
470 2263 599 2323 certatim
616 2263 643 2322 ei
658 2279 713 2340 qua
728 2261 857 2339 privatim
872 2276 926 2339 qua
940 2256 1057 2335 publice
1070 2256 1153 2318 testi-

151 2347 244 2404 monia
263 2345 484 2422 pertribuerunt.
518 2343 602 2416 Quod
624 2345 653 2404 in
673 2346 799 2405 notitiam
820 2353 894 2404 tuam
914 2341 1031 2421 periero
1046 2357 1080 2400 ea
1096 2339 1152 2400 lide

153 2443 236 2504 quam
250 2427 302 2485 tibi
320 2425 423 2486 debeo.
1011 2423 1013 2427 ’
1160 2429 1194 2482 25

262 2632 270 2642 ,
483 2555 648 2618 nxxxvrr.
670 2555 810 2636 [nunu]

375 2656 402 2710 O.
423 2654 548 2708 PLINIUS
564 2656 710 2707 TRAIANO
727 2655 934 2708 IMPERATORI.

126 2774 142 2825 1
214 2761 414 2841 Nymphidium
426 2761 546 2841 Lupum,
559 2760 683 2838 domine,
700 2759 917 2839 prImIpilerem,
934 2757 1155 2821 commilitonem
1276 2829 1277 2832 Ἴ

154 2844 255 2922 habui,
272 2864 335 2905 cum
347 2846 411 2924 Ipse
426 2845 553 2906 tribunus
569 2861 682 2922 essem,
696 2843 747 2904 ille
761 2843 941 2922 praefectus:
958 2842 1023 2902 inde
1036 2840 1197 2908 familia-30

84 2967 86 2972 ·
152 2930 222 2988 riter
242 2927 362 3004 diligere
383 2928 477 3007 coepi.
509 2925 606 2988 Crevit
624 2936 725 3006 postea
742 2928 843 2988 caritas
863 2928 926 3005 ipsu
946 2936 1057 2986 mutuae
1071 2934 1156 2986 vetn-

129 3018 229 3074 bstate
250 3009 399 3070 amicitiae.
429 3009 527 3089 Itaque
549 3019 579 3072 et
594 3010 681 3090 quieti
701 3013 763 3072 cius
782 3011 867 3070 inieci
886 3027 998 3070 manum
1017 3017 1047 3068 et
1068 3008 1156 3086 exegi
1276 3029 1277 3032 ¹

153 3103 184 3154 ut
199 3111 244 3154 me
258 3095 288 3152 in
300 3091 430 3168 Bithynia
446 3092 566 3154 consilio
583 3095 745 3156 instrueret.
776 3092 860 3165 Quod
876 3091 927 3155 ille
941 3093 1111 3154 amIcissime
1124 3101 1157 3153 et

154 3178 204 3236 otii
219 3186 248 3237 et
264 3176 419 3237 senectutis
434 3178 543 3237 ratione
557 3179 717 3257 postposita
732 3185 762 3238 et
775 3178 829 3238 iam
840 3177 909 3237 iecit
920 3185 949 3238 et
961 3177 1087 3238 facturus
1099 3183 1154 3236 est.

128 3258 264 3333 oQuibus
279 3279 317 3319 ex
332 3261 425 3320 causis
438 3259 665 3323 necessitudInes
677 3260 738 3320 eius
750 3261 823 3320 inter
832 3278 910 3322 meas
921 3277 1050 3337 numero,
1068 3258 1154 3319 lilium
1163 3273 1198 3327 35

154 3343 183 3402 in
197 3343 312 3422 primis,
328 3341 526 3422 Nymphidium
542 3341 668 3423 Lupum,
689 3345 821 3404 iuvenem
834 3345 973 3423 pmbum,
987 3342 1156 3404 industrium

155 3434 185 3486 et
199 3427 318 3504 egregio
332 3435 414 3504 patre
436 3426 646 3505 dignissimum,
666 3427 851 3488 suffecturum
867 3426 1058 3506 indulgentiae
1073 3435 1156 3496 tonet
1276 3459 1277 3478 κ

155 3510 229 3568 sicut
242 3507 340 3588 primIs
362 3510 424 3570 eius
445 3508 647 3588 experimentis
671 3527 856 3588 cognoscere*
871 3519 974 3591 potes,
993 3528 1058 3572 cunr
1072 3527 1156 3589 prae·
1276 3499 1277 3578 I
