2580 3978
207 273 250 338 34
632 268 664 331 G.
688 268 784 331 PLlNl

183 436 323 505 utumque
346 427 471 487 sordium
491 425 539 484 vel
561 423 691 484 damnare
714 421 785 483 alios
806 421 854 482 vel
874 416 1049 482 absolvere?
1076 419 1134 482 Sed
1155 418 1216 480 boc
1287 431 1288 498 i

193 509 336 590 ¹pluribus
351 512 442 572 visum
453 517 507 570 est.
541 507 728 568 Numerantur
744 509 817 566 euim
833 507 1008 582 sentcntiae,
1029 521 1086 564 non
1103 503 1215 583 ponde·
1287 517 1288 556 t

206 604 316 664 rantum
332 612 388 656 nec
405 593 481 654 aliud
496 594 524 651 in
538 591 655 671 publico
673 589 792 651 consilio
809 599 906 670 potest
923 590 1000 666 deri,
1023 590 1050 646 in
1067 605 1123 666 quo
1142 587 1216 647 nihil
1287 586 1288 675 l

208 688 253 740 est
270 689 326 740 tam
346 675 495 757 inaequale
518 694 600 754 quam
621 673 776 754 aequalitas
793 675 864 754 ipsa.
898 671 970 732 Nam
991 690 1055 732 cum
1075 674 1111 732 sit
1133 673 1216 751 inpar
1287 677 1288 750 i

181 763 368 841 fiprudentia,
385 779 437 841 par
451 762 573 820 omnium
590 761 633 820 ius
648 768 703 819 cst.
737 757 848 838 lnplevi
863 757 1033 836 promissum
1050 757 1243 835 priorisque5
1287 765 1288 842 p

209 845 351 926 epistulae
374 845 457 905 fidem
480 843 610 921 exsolvi,
634 860 717 922 quam
738 860 776 902 err
796 843 888 920 spatio
905 841 1042 920 temporis
1063 841 1216 900 iamrcce-
1287 851 1288 888 t

207 933 287 1009 pisse
302 939 331 990 te
347 928 470 1006 colligo:
492 946 555 989 nam
575 937 604 989 et
619 927 762 986 festinanti
779 935 809 986 et
826 924 955 1002 diligenti
969 923 1117 985 tabellario
1131 923 1215 991 dedi;
1287 993 1288 1004 ,

184 1015 262 1078 irrisi
278 1013 345 1092 quid
366 1012 558 1092 impedimenti
579 1013 607 1071 in
627 1012 672 1070 via
688 1028 791 1088 passus
807 1017 862 1070 cst.
885 1007 962 1070 'lunc
979 1027 1054 1069 nunc
1069 1016 1166 1086 partes
1184 1015 1217 1065 ut
1287 1011 1288 1052 1

208 1099 327 1176 primum
341 1097 437 1174 illam,
462 1095 565 1156 deinde
580 1094 652 1154 banc
666 1094 857 1154 remunereris
872 1091 991 1172 litteris,
1015 1091 1114 1171 quales
1129 1091 1217 1151 istinc

206 1181 302 1242 redire
317 1180 476 1240 uberrimas
491 1186 622 1259 possunt.
642 1176 723 1238 Vale.
1227 1191 1258 1245 lq
1287 1213 1288 1246 ,

671 1309 750 1371 Xttl.

496 1411 523 1463 o.
542 1411 667 1462 PLINIUS
686 1409 799 1462 narseo
818 1410 878 1462 suo
898 1411 924 1463 S.

187 1533 202 1582 1
274 1513 311 1574 Et
326 1523 356 1574 tu
378 1511 548 1574 occasiones
564 1511 708 1590 obligandi
726 1531 772 1573 me
793 1513 954 1574 avidissime
972 1507 1167 1590 amplecteris,
1184 1517 1217 1570 et
1287 1519 1288 1536 ¹

185 1615 267 1676 nego
282 1597 386 1658 nemini
401 1596 536 1657 libentius
551 1595 656 1656 debeo.
676 1595 792 1658 Duabus
804 1615 876 1675 ergo
891 1596 927 1656 de
942 1596 1037 1656 causis
1051 1611 1067 1653 a
1082 1602 1110 1653 te
1124 1593 1261 1672 potis-15
1287 1627 1288 1642 .

211 1685 310 1744 simum
325 1690 426 1760 petere
445 1680 579 1743 constitui
595 1680 853 1758 quodinpetratum
869 1681 990 1739 maxime
1006 1679 1102 1756 cupio.
1123 1675 1217 1753 liegis

211 1766 370 1826 exercitum
384 1763 602 1842 amplissimum:
623 1762 689 1824 binc
707 1765 757 1824 tibi
775 1765 978 1826 beneficiorum
993 1761 1072 1839 larga
1086 1761 1216 1838 materia,

210 1850 327 1928 longum
348 1857 499 1928 praeterea
516 1856 628 1926 tempus
651 1865 708 1927 quo
723 1850 830 1909 amicos
850 1858 915 1911 tuos
931 1863 1069 1908 exornare
1085 1845 1217 1923 potuisti.

186 1932 388 2001 accurertere
403 1931 577 2009 adnostros,
592 1950 649 1992 nec
660 1931 713 1993 bos
724 1933 838 1994 multos.
859 1931 961 1992 blalles
976 1939 1006 1990 tu
1020 1927 1133 2007 quidem
1143 1927 1218 1986 mul·

210 2029 274 2096 tos,
297 2017 350 2079 sed
366 2035 447 2078 meae
464 2015 656 2077 verecundiae
677 2016 783 2077 suflicit
797 2034 868 2077 unus
889 2025 936 2076 aut
949 2014 1038 2090 alter,
1066 2030 1100 2072 ac
1117 2013 1218 2090 potius
1227 2029 1261 2081 20

186 2114 291 2167 sunus.
320 2099 349 2162 ls
369 2101 424 2162 erit
440 2099 585 2161 Voconius
603 2099 757 2161 Romanus.
789 2100 872 2161 Pater
888 2099 916 2160 ei
932 2099 961 2158 in
980 2096 1108 2176 equestri
1125 2092 1219 2173 gradu

212 2185 322 2263 clarus,
353 2183 457 2246 clarior
476 2185 612 2262 vitricus,
638 2185 722 2244 immo
742 2193 824 2263 pater
846 2183 934 2244 alius:
960 2199 1022 2241 uam
1052 2179 1118 2240 buic
1144 2197 1218 2258 quo-

211 2289 267 2348 quc
278 2269 382 2328 nomini
399 2269 505 2347 pietate
520 2269 674 2328 successit.
707 2267 800 2328 ldater
813 2286 830 2327 e
845 2269 943 2346 primis
959 2264 1099 2326 citerioris
1113 2261 1219 2342 llispa·

210 2355 288 2414 niae:
310 2352 369 2412 scis
387 2351 464 2429 quod
478 2351 611 2411 iudicium
625 2351 790 2429 provinciae
803 2349 897 2428 illius,
914 2358 1015 2428 quanta
1029 2349 1066 2409 sit
1080 2349 1218 2426 gravitas.

185 2435 327 2503 sFlameu
335 2435 468 2513 proxime
484 2433 544 2494 fuit.
566 2432 647 2493 Hunc
662 2451 730 2511 ego,
748 2452 812 2494 cum
831 2433 913 2495 simul
934 2433 1130 2509 studeremus,
1153 2441 1262 2499 artens

211 2518 442 2596 familiariterque
460 2516 563 2577 dilexi:
585 2516 636 2577 ille
654 2534 734 2578 meus
749 2518 777 2576 iu
792 2519 881 2596 urbs,
902 2517 952 2577 ille
965 2517 993 2576 in
1008 2534 1130 2576 secessu
1147 2533 1219 2576 con·

185 2601 377 2678 stubemalis,
393 2620 456 2661 cum
472 2600 529 2662 boc
544 2601 635 2678 seria,
659 2619 723 2661 cum
735 2601 793 2661 boc
810 2603 892 2662 iocos
908 2600 1020 2661 miscui.
1053 2598 1128 2672 Quid
1141 2602 1220 2659 enim

211 2687 262 2748 illo
277 2695 324 2746 aut
342 2684 453 2746 fidelius
467 2685 557 2745 amico
574 2694 621 2745 aut
636 2684 736 2746 sodale
750 2681 920 2745 iucundius?
940 2683 1011 2744 lilira
1024 2685 1054 2743 in
1068 2701 1217 2764 sermone,

188 2773 280 2839 nmina
292 2772 376 2830 etiam
390 2771 418 2828 iu
434 2788 484 2829 orc
499 2770 563 2848 ipso
577 2769 714 2848 vultuque
724 2770 860 2830 suavitas.
879 2768 924 2828 bd
937 2768 994 2828 boc
1005 2767 1149 2845 ingenium
1165 2786 1219 2827 ex·

212 2854 332 2931 celsum,
349 2851 464 2930 subtile,
482 2849 577 2930 dulce,
593 2851 689 2930 facile,
706 2853 844 2912 eruditum
858 2854 886 2912 in
898 2852 990 2913 causis
1004 2851 1138 2928 agendis:
1154 2853 1261 2930 epi-30

184 2937 301 3012 ¹astulas
314 2937 427 3016 quidem
439 2937 548 3013 scribit,
564 2946 593 2997 ut
605 2934 701 2997 llusas
712 2937 789 3016 ipsas
801 2936 898 2997 Latine
909 2935 988 3014 loqui
1001 2935 1113 2995 credas.
1130 2933 1218 2995 Ama·

212 3033 257 3084 tur
269 3039 285 3081 a
298 3039 344 3081 me
359 3019 507 3100 plurimum
518 3037 573 3080 nec
588 3029 680 3080 tamen
693 3021 824 3082 vincitur.
844 3018 984 3098 Equidem
995 3019 1107 3080 iuvenis
1121 3019 1219 3079 statim

211 3105 306 3166 iuueni
323 3113 455 3183 quantum
476 3105 556 3183 potui
572 3122 625 3183 per
642 3114 763 3166 aetatem
778 3104 940 3165 aridissime
956 3101 1063 3164 contuli
1079 3112 1108 3164 et
1122 3120 1219 3182 nuper

210 3191 245 3252 ab
259 3189 366 3268 optimc
381 3189 510 3267 principe
525 3189 607 3249 trium
618 3188 772 3250 liberorum
786 3190 829 3248 ius
841 3188 997 3266 impetrari.
1023 3185 1107 3260 Quod
1118 3204 1218 3266 quarn·

212 3291 294 3353 quam
309 3290 397 3351 parce
412 3281 516 3332 etcum
529 3271 644 3333 delectu
661 3272 750 3350 duret,
766 3272 832 3332 mibi
846 3281 951 3349 tamen,
966 3281 1106 3350 tamquam
1122 3269 1260 3350 elige-35

186 3366 267 3435 bret,
282 3355 408 3416 indulsit.
427 3354 505 3417 Haec
518 3357 656 3418 beneficia
665 3373 728 3418 mea
743 3357 816 3417 tueri
828 3353 1003 3415 nullomodo
1014 3353 1116 3416 melius
1130 3371 1217 3434 quam

210 3450 242 3501 ut
256 3456 375 3518 augeam
390 3456 523 3518 possum,
545 3441 713 3519 praesertim
730 3457 793 3500 cum
813 3439 877 3518 ipse
892 3437 940 3499 illa
955 3448 1010 3499 tam
1025 3448 1107 3517 grate
1126 3438 1218 3498 inter·

168 3536 203 3590 lo
211 3534 341 3605 pretetur
353 3532 401 3603 ut,
424 3523 488 3583 dum
502 3526 597 3606 priora
610 3523 733 3603 accipit,
759 3523 919 3603 posteriora
933 3531 1082 3582 mereatur.
1115 3519 1217 3583 Habes
