2604 3972
340 281 602 344 EPISTULARUM
616 281 692 342 vul.
708 293 733 345 1.
748 293 775 346 a.
786 291 813 345 3.
826 291 853 345 4.
1034 282 1096 347 155

105 444 205 496 emerat
222 433 372 496 concessi:
393 430 495 494 deinde
510 435 555 496 bis
576 435 624 512 qui
638 433 824 511 amplissimas
840 452 962 497 summas
975 437 1095 514 emptio·

105 518 181 578 nibus
196 527 404 598 occupaverant
420 519 571 596 separatim
585 516 725 578 consului.
753 516 824 577 Nam
841 527 869 579 et
883 536 929 578 me
944 521 1034 596 magis
1053 521 1095 579 iu·

102 610 196 661 verant
216 611 247 662 et
266 603 355 660 maius
373 601 429 680 ipsi
448 600 577 662 fecerant
594 600 730 661 damnum.
761 599 852 679 Igitur
870 601 915 663 bis
933 603 981 679 qui
1004 600 1120 678 plurisl

105 701 181 761 quens
200 684 302 745 decern
322 683 436 745 milibus
464 693 589 744 eruerant
603 681 651 744 vad
670 681 748 744 illan
768 700 945 745 communem
964 692 993 745 et
1015 686 1096 764 quasi

83 765 240 844 tpnbbcam
259 777 386 828 octavam
406 765 498 826 addidi
519 767 664 828 decumam
687 768 748 827 eius
773 785 897 830 summae
919 784 973 846 qua
995 767 1095 828 decem

104 848 173 911 milia
186 860 382 914 excesserant.
399 848 511 910 Vereor
524 868 561 911 ne
572 867 669 929 parum
682 851 887 930 expresserim;
901 851 1027 929 apertius
1038 849 1121 912 cal-5

103 932 178 993 culos
190 933 345 994 ostendam.
369 932 400 992 Si
415 935 463 1012 qui
477 933 551 994 forte
566 933 726 1012 quindecim
738 934 850 995 milibus
865 942 1006 1010 emerant,
1022 933 1051 993 bi
1066 942 1096 994 et

103 1016 258 1092 quindecim
273 1016 380 1078 milium
395 1025 523 1077 octavam
543 1026 573 1077 et
594 1019 717 1096 quinque
738 1016 843 1077 milium
864 1016 1000 1077 decimam
1022 1015 1095 1077 tule-

101 1107 170 1160 runt.
199 1099 366 1177 Praeterea,
389 1113 453 1160 cunr
471 1108 635 1178 reputarem
649 1099 785 1178 quosdam
804 1119 841 1160 en
857 1100 953 1162 debito
969 1098 1120 1179 aliquan-6

67 1189 171 1260 rotun,
189 1183 327 1260 quosdam
342 1182 465 1262 aliquid,
487 1181 624 1261 quosdam
635 1183 705 1243 nihil
719 1186 903 1261 reposuisse,
918 1199 1095 1261 nequaquam

100 1283 194 1326 verum
207 1266 372 1344 arbitrabar,
388 1284 461 1345 quos
475 1283 531 1327 non
546 1275 698 1344 aequasset
715 1266 786 1328 lides
800 1266 961 1343 solutionis,
975 1266 1029 1326 bos
1044 1265 1096 1325 be·

100 1349 230 1426 nignitate
251 1351 427 1412 remissionis
445 1367 577 1428 aequare.
608 1348 717 1411 Rursus
738 1367 811 1427 ergo
825 1349 871 1409 his
886 1351 933 1428 qui
951 1347 1119 1409 solverant?

101 1433 159 1492 cius
174 1431 253 1511 quod
267 1433 411 1494 solverant
426 1433 563 1494 decimam
574 1433 681 1494 remisi·
711 1432 767 1493 l'er
785 1433 842 1492 boo
859 1435 933 1494 enim
946 1432 1094 1510 aptissime

101 1522 127 1574 et
140 1517 168 1575 in
181 1518 367 1594 praeteritam
383 1515 503 1594 singulis
521 1532 575 1594 pro
596 1517 735 1594 cuiusque
751 1517 854 1576 merito
871 1516 962 1593 gratia
979 1514 1093 1591 referri,

66 1602 92 1653 15
100 1606 127 1656 et
142 1599 169 1658 in
183 1599 309 1662 funum
323 1616 422 1661 omnes
439 1615 503 1660 cuns
519 1598 555 1660 ad
574 1598 722 1660 emendum
742 1607 800 1659 tum
821 1601 906 1660 etiam
925 1597 959 1658 ad
980 1597 1094 1659 solven-

100 1679 159 1742 dum
173 1681 251 1744 allici
264 1682 439 1744 videbantur.
461 1681 565 1760 blagno
582 1681 649 1742 mibi
664 1701 717 1743 seu
736 1684 807 1743 ratio
822 1681 894 1745 baec
909 1700 961 1743 seu
975 1681 1121 1742 facilitssss

99 1767 190 1844 stetit,
213 1765 269 1827 sed
285 1765 337 1829 init
352 1768 428 1826 tanti.
460 1765 531 1826 Nam
543 1767 666 1843 ,repone
680 1775 739 1827 tota
753 1775 783 1827 et
794 1767 904 1828 novitas
917 1765 1094 1826 remissionis

100 1857 126 1906 et
138 1847 226 1910 forma
247 1849 383 1910 landatur.
415 1847 460 1909 Ex
474 1849 546 1927 ipsis
561 1851 660 1924 etiam,
683 1866 757 1928 quos
770 1866 826 1909 non
842 1867 911 1926 nna,
933 1856 964 1908 ut
981 1847 1093 1924 dicitur,

100 1934 203 2006 pertica
217 1931 273 1995 sed
287 1932 420 1995 distincte
435 1933 628 2011 gradatimque
642 1933 776 2009 tractavi,
797 1941 901 2010 quanto
916 1933 979 2011 quis
993 1930 1095 1991 melior

64 2021 127 2076 boet
137 2017 256 2093 probior
272 2025 350 2077 tanto
364 2016 431 2076 mibi
452 2015 604 2092 obligatior
616 2015 696 2092 abiit,
711 2024 849 2094 expertus
862 2033 919 2075 non
936 2032 1004 2075 esse
1018 2012 1095 2092 apud
1137 2019 1148 2042 ¹

99 2112 141 2157 nne
157 2094 193 2158 ἐν
204 2091 242 2160 dl
255 2097 289 2180 ἰῇ
299 2098 377 2181 τιμῇ
389 2088 473 2178 ἠμὲν
485 2089 586 2170 κακὸς
597 2088 657 2176 ἡδὲ
667 2091 722 2158 καὶ
734 2091 865 2170 ἐσθλός.
897 2095 978 2159 Vale.

598 2229 621 2289 1.

375 2327 402 2382 U.
423 2327 549 2380 PLINIUS
569 2229 691 2380 UI’ARSO
711 2327 771 2380 SUO
789 2327 816 2382 S.

64 2441 93 2494 te
117 2513 124 2528 .
155 2431 269 2495 bibrum
280 2452 365 2534 quens
379 2435 533 2532 novissime
549 2435 601 2496 tibi
615 2435 679 2496 misi
693 2433 874 2533 exomnibus
890 2434 961 2494 meis
977 2431 1025 2492 vel
1037 2445 1120 2530 nra-l

97 2529 167 2658 {lt
183 2513 1120 2678 'ltttttlltttrltltttmlllltllffltslllt2

100 2679 233 2743 credibile
254 2691 403 2761 utrumqne
425 2682 485 2744 falli
505 2691 535 2743 et
558 2685 622 2761 quia
645 2693 738 2745 tamen
758 2681 887 2745 blandior
909 2681 987 2741 mibi.
1019 2678 1094 2739 Volo

99 2765 168 2822 edm
183 2766 312 2844 proxima
329 2783 460 2845 quaeque
481 2765 689 2828 absolutissima
704 2764 811 2843 videri,
829 2773 859 2826 et
873 2764 939 2825 ideo
952 2765 1006 2823 iam
1019 2779 1095 2823 nnnc

64 2845 192 2908 accontru
211 2850 298 2910 istum
318 2846 421 2909 librum
442 2848 525 2910 lasso
547 2850 665 2910 orationi
685 2865 769 2929 quam
790 2867 883 2927 nuper
901 2849 930 2907 in
950 2844 1095 2925 publicum

99 2925 177 3009 dedi,
199 2933 454 2992 communicaturus
475 2941 593 3008 tecum,v
606 2942 637 2994 nt
657 2935 776 3010 primum
796 2931 961 3009 diligentem
979 2927 1094 2990 tabella·

98 3011 165 3072 rium
181 3016 332 3075 invenero.
362 3012 449 3075 Erexi
466 3017 710 3094 exspectationem
726 3024 817 3092 tuam,
839 3031 922 3094 quam
939 3030 1044 3074 vereor
1058 3016 1121 3072 ned

98 3091 228 3160 destituat
245 3099 335 3158 oratio
349 3099 377 3157 in
387 3113 485 3178 manus
499 3105 618 3178 sumpta.
647 3097 762 3159 Interim
775 3107 868 3160 tamen
882 3106 1021 3175 tamquam
1034 3093 1094 3174 pla·

63 3178 222 3320 35cibamur,
238 3190 270 3242 et
283 3180 406 3243 fortasse
422 3180 558 3260 placebit,
574 3190 721 3261 exspecta.
752 3180 833 3241 Vale.

493 3351 497 3360 .
578 3311 591 3372 1
621 3360 628 3374 ,

377 3412 404 3464 Ο.
422 3411 546 3464 PLINIUS
564 3312 692 3464 UblIllNIO
710 3409 770 3464 SUO
789 3411 817 3464 S.

158 3511 276 3594 Optime
295 3515 366 3578 lacis
386 3515 463 3595 quod
482 3513 590 3576 bellurn
608 3514 745 3576 Dacicum
760 3514 887 3576 scribere
903 3529 995 3592 paras.
1027 3509 1122 3570 Naml
