2580 3978
401 251 841 366 sermonumdicat.
961 327 964 336 ·
1108 307 1128 368 a
1159 319 1167 344 ν

126 452 235 533 quando
251 455 280 512 in
295 463 394 515 nostra
409 453 580 516 deverteris.
619 454 703 528 Quod
716 454 803 516 velim
820 456 926 535 facias,
949 458 1084 536 primum,
1099 468 1130 519 ut

125 536 243 620 perinde
262 538 368 599 nostris
390 539 478 600 rebus
499 555 601 600 ac-nos
619 541 675 600 tuis
690 539 865 619 perfruaris,
886 539 1006 619 deinde,
1028 551 1059 602 ut
1073 545 1128 603 mei

126 622 361 701 expergiscantur
377 620 546 702 aliquando,
569 624 617 703 qui
633 642 679 683 me
692 641 796 685 secure
813 641 846 684 ac
860 641 952 703 prope
970 624 1128 704 neglegen-

124 714 169 767 ter
189 715 353 784 expectant.
386 704 457 766 Nam
475 706 582 767 mitium
596 707 772 767 dominorum
783 707 857 786 apud
869 725 971 770 servos
985 710 1047 788 ipsa
1060 718 1154 772 con-4

102 788 275 850 tsuetudine
290 799 382 851 metus
404 788 561 869 exolescit,
588 791 760 853 novitatibus
781 793 939 852 excitantur
958 793 1130 872 probarique

125 871 243 934 donrinis
259 891 312 952 per
325 871 397 935 alios
412 877 503 952 magis
519 887 602 953 quarn
619 894 673 955 per
688 876 769 954 ipsos
784 874 921 936 laborant.
956 874 1037 938 Vale

608 1011 643 1070 V
679 1011 700 1039 ι

325 1109 351 1159 G.
371 1108 496 1160 PLINIUS
514 1108 655 1160 VOCONIO
673 1108 809 1160 ROMANO
826 1108 885 1161 SUO
902 1110 928 1160 S.

84 1225 116 1278 ιο
182 1209 321 1272 Vidistine
337 1230 505 1291 quemquam
514 1211 552 1272 M.
565 1211 680 1290 Regulo
694 1213 862 1275 timidiorem
873 1213 1051 1275 humiliorem
1062 1224 1150 1294 postl

122 1294 272 1356 Domitiani
294 1293 434 1356 mortem?
456 1297 509 1357 sub
532 1313 589 1376 quo
611 1314 668 1357 non
689 1299 796 1358 minora
820 1297 926 1375 flagitia
950 1299 1129 1359 commiserat

123 1397 205 1459 quam
220 1380 274 1440 sub
290 1377 423 1458 Nerone,
440 1380 492 1441 sed
509 1381 639 1441 tectiora.
673 1379 778 1460 Coepit
792 1383 887 1442 vereri
902 1400 939 1442 ne
953 1382 1008 1442 sibi
1022 1384 1128 1443 irasce-

121 1482 184 1534 rer;
204 1482 259 1524 nee
273 1462 441 1542 fallebatur,
457 1465 613 1526 irascebar.
647 1464 759 1528 Rustici
774 1463 893 1526 Aruleni
909 1465 1068 1545 periculum
1083 1465 1151 1527 lot

122 1557 218 1627 verat,
236 1548 412 1610 exaltaverat
426 1557 536 1627 morte,
552 1549 624 1610 adeo
639 1559 670 1610 ut
686 1549 788 1610 librum
804 1551 940 1610 recitaret
955 1550 1128 1629 publicaret·

81 1647 111 1702 15
122 1651 191 1712 que,
205 1633 234 1691 in
249 1650 305 1712 quo
319 1632 467 1694 Rusticum
481 1634 637 1693 insectatur
650 1643 736 1713 atque
751 1636 835 1695 etiam
850 1633 1011 1695 Stoicorum
1021 1637 1128 1696 simiam

121 1714 261 1796 appellat;
284 1715 368 1777 adicit
382 1715 533 1778 Vitellians
548 1719 683 1778 cicatrice
698 1720 875 1796 stigmosum.
903 1717 1048 1796 Agnoscis
1067 1717 1153 1779 elo-3

121 1802 264 1880 quentiam
278 1798 393 1878 Reguli.
416 1799 535 1861 lacerat
550 1799 724 1862 Herennium
738 1802 940 1881 Senecionem,
961 1812 1017 1863 tam
1028 1804 1127 1865 intem·

120 1893 255 1964 perantes
267 1883 380 1963 quidem
391 1893 422 1944 ut
433 1883 535 1945 dixerit
553 1887 581 1946 ei
597 1883 702 1947 Metius
718 1883 808 1947 Gerus
823 1885 904 1965 ‘quid
917 1885 968 1946 tibi
980 1904 1045 1946 cum
1055 1889 1127 1947 meis

118 1965 259 2030 mortuis?
289 1969 424 2047 numquid
443 1986 501 2048 ego
523 1966 629 2031 Crasso
644 1981 691 2030 aut
706 1967 856 2031 Camerino
873 1968 1014 2032 molestus
1030 1968 1126 2032 sumi'

76 2071 110 2124 ιο
119 2069 193 2131 quos
207 2050 257 2114 illc
272 2052 326 2112 sub
340 2051 456 2114 Nerone
472 2062 684 2114 accusaveratn
683 2053 778 2144 llaec
790 2072 837 2113 me
850 2052 980 2131 Regulus
996 2054 1152 2115 dolenterA

119 2135 221 2197 tulisse
241 2135 377 2197 credebat
379 2135 529 2217 i,deoque
545 2139 629 2198 etiam
646 2118 710 2197 culn
725 2139 862 2198 recitaret
877 2135 990 2215 librum,
1005 2155 1062 2197 non
1078 2137 1126 2198 ad·

116 2220 259 2281 hibuerat.
287 2219 438 2283 Praeterea
450 2221 687 2282 reminiscebatur
702 2238 785 2299 quarn
801 2219 982 2301 capitaliter
973 2240 1067 2303 rpsum
1080 2239 1126 2282 me

117 2305 194 2385 apud
216 2306 407 2366 centumviros
429 2304 607 2367 lacessisset.
640 2305 765 2366 Aderam
784 2304 974 2384 Arrionillae,
1000 2305 1149 2368 Timonisb

117 2389 210 2468 uxori,
224 2398 325 2467 rogatu
338 2387 458 2450 Aruleni
473 2388 597 2459 Rustici;
619 2388 749 2468 Regulus
768 2399 875 2451 contra.
898 2387 1064 2451 Nitebamur
1074 2407 1127 2451 nos

73 2489 106 2540 25
116 2474 146 2533 in
162 2481 244 2552 parte
259 2491 363 2534 causae
377 2475 517 2535 sententia
531 2472 601 2534 Meti
615 2473 756 2551 Modesti,
772 2475 870 2553 optimi
886 2476 956 2535 viri:
975 2477 1000 2536 is
1015 2485 1083 2536 tunc
1098 2476 1127 2534 in

116 2557 206 2618 exilio
222 2566 294 2636 erat,
309 2575 326 2618 a
341 2556 501 2619 Domitiano
516 2557 672 2636 relegatus.
690 2556 772 2618 Roce
787 2557 838 2618 tibi
849 2556 979 2637 Regulus
993 2564 1124 2638 ‘quaero’

116 2643 220 2721 inquit,
236 2641 394 2720 ‘Secunda
417 2641 484 2722 quid
500 2641 536 2702 de
550 2640 684 2703 Modesto
702 2643 832 2704 sentias'.
854 2641 943 2704 Vides
960 2643 1037 2721 quod
1051 2644 1126 2721 peri-

117 2725 224 2804 culum,
245 2727 270 2788 si
283 2724 499 2806 respondissem
511 2726 624 2804 ‘bene’,
640 2724 717 2805 quod
728 2725 875 2804 flagitium,
891 2728 915 2785 si
928 2726 1038 2786 ‘malet
1061 2724 1141 2785 Non=

115 2827 238 2888 possum
252 2808 349 2870 dicere
364 2808 439 2870 aliud
454 2819 522 2871 tunc
535 2809 602 2870 mibi
619 2827 701 2889 mam
719 2809 790 2871 deos
812 2809 947 2872 adfuisse.
982 2808 1126 2889 ‘Respon-

70 2891 206 2960 aodebo'
225 2895 336 2974 inquam
352 2896 389 2954 ‘si
409 2893 446 2955 de
466 2893 523 2955 hoo
538 2895 704 2956 centumuiri
724 2893 873 2955 iudicaturi
889 2895 968 2953 surn‘
1015 2892 1125 2954 Rursus

113 2977 166 3038 illc
187 2982 306 3057 ‘quaero
330 2977 396 3057 quid
419 2977 455 3039 de
470 2976 604 3040 Modesto
624 2980 753 3039 sentias'.
788 2975 895 3039 lterum
907 2994 966 3055 ego
981 2977 1150 3042 ‘solebuutd

113 3071 210 3122 testes
226 3063 255 3121 in
267 3079 350 3140 reos,
372 3080 429 3122 non
446 3064 474 3123 in
489 3061 633 3124 damnatos
650 3063 842 3140 interrogari’.
875 3058 974 3121 lertio
989 3060 1039 3122 ille
1055 3067 1124 3120 ‘uon

112 3147 171 3206 iam
189 3145 257 3226 quid
273 3145 309 3207 de
329 3145 480 3225 Modesto,
504 3145 556 3207 sed
578 3145 644 3225 quid
665 3145 702 3207 de
723 3147 831 3225 pietate
851 3143 977 3206 Modesti
993 3147 1122 3206 sentias’.

113 3229 265 3304 ‘Quaeris'
280 3233 393 3309 inquam
407 3230 487 3310 ‘quid
498 3231 631 3292 sentiam:
653 3239 681 3291 at
694 3247 752 3308 ego
765 3249 802 3292 ne
817 3231 995 3307 interrogare
1011 3229 1148 3309 quidem?

66 3322 102 3378 35
112 3313 160 3376 fas
179 3323 249 3394 puto
265 3313 301 3376 de
321 3333 378 3395 quo
399 3315 607 3394 pronuntiatum
622 3318 689 3376 cst'.
713 3312 873 3375 Conticuit:
889 3330 935 3374 me
947 3312 1008 3374 laus
1020 3323 1049 3374 et
1059 3332 1123 3392 gra·
1181 3365 1185 3372 .

112 3398 219 3460 tulatio
233 3408 334 3462 secuta
348 3409 404 3478 est,
421 3397 497 3478 quod
509 3416 566 3460 nec
577 3399 676 3459 lamam
687 3415 777 3458 meam
787 3398 881 3479 aliquo
893 3414 1047 3477 responso,
1063 3396 1123 3457 utili

113 3483 263 3561 fortasse,
281 3483 433 3545 inhonesto
447 3493 556 3561 tamen,
573 3483 717 3544 laeseram
731 3500 786 3543 nec
799 3501 846 3542 me
860 3481 971 3560 laqueis
988 3491 1043 3542 tam
1056 3482 1123 3542 insi·

114 3567 217 3629 diosae
232 3569 461 3647 intemogationis
476 3567 659 3628 involverem.
687 3565 770 3626 Nunc
786 3583 858 3644 ergo
878 3566 1053 3709 conlspientia
1073 3573 1148 3626 err-8
