2580 3978
327 790 362 873 G.
391 776 499 871 PLlNl
529 789 687 872 utnuttt
713 785 890 870 suctum

197 947 984 1094 -ιιιιιιιιιιιιι

478 1142 577 1198 LIBER
597 1141 733 1200 PRIMUS.

74 1315 90 1365 5
372 1399 399 1452 G.
419 1398 545 1460 PLINIUS
565 1302 706 1451 edictum
726 1397 786 1450 SUO
804 1400 832 1455 S.

161 1493 340 1574 Frequenter
353 1498 481 1560 hortatus
496 1519 529 1561 es
544 1509 575 1560 ut
592 1498 742 1579 epistulas,
757 1499 781 1560 si
798 1515 867 1576 quas
881 1496 968 1576 paulo
982 1500 1128 1562 curatiusl

99 1579 300 1659 scripsissem,
323 1581 492 1661 colligerem
503 1583 745 1663 publicaremque.
782 1579 896 1659 Collegi
914 1591 1104 1642 non-servato

98 1665 238 1742 temporis
254 1664 352 1726 ordine
369 1668 479 1746 (neque
499 1669 573 1728 enim
591 1667 736 1728 historiam
753 1665 982 1744 conpouebam),
1001 1665 1054 1727 sed
1074 1676 1104 1727 ut

59 1767 91 1818 10
100 1765 233 1826 quaeque
254 1750 283 1808 in
305 1767 402 1811 manus
421 1761 548 1812 venerat.
562 1751 726 1831 Superest
745 1759 776 1810 ut
794 1768 850 1810 nec
869 1759 899 1809 te
920 1748 1032 1810 consilii
1047 1761 1128 1812 neon

99 1849 145 1890 me
168 1833 311 1910 paeniteat
332 1834 472 1914 obsequii
509 1835 551 1897 lta
572 1837 646 1896 enim
667 1836 716 1896 liet
738 1843 768 1895 ut
790 1852 839 1895 eas
860 1851 932 1912 quae
948 1833 1040 1895 adhuc
1055 1853 1105 1895 ne·

99 1912 215 2058 illelmo
231 1917 326 1979 iacent
340 1921 496 1998 requiram,
517 1929 546 1980 et
560 1920 585 1980 si
601 1938 670 1999 quas
683 1917 834 1998 addidero,
852 1935 909 1978 non
924 1919 1103 1998 supprimam.
1200 1991 1201 1996 η

128 2016 172 2059 ae

586 2133 623 2196 lt.

359 2233 402 2284 c.
418 2233 545 2286 enimus
561 2235 707 2288 insinuo
726 2233 787 2288 suo
804 2234 831 2290 s,
932 2225 934 2229 '
1012 2226 1014 2232 '

163 2331 235 2407 Quia
258 2332 411 2394 tardiorem
431 2334 583 2395 adventum
605 2346 683 2404 tuum
704 2335 869 2415 prospicio,
896 2332 997 2394 librum
1020 2351 1127 2414 queml

100 2417 245 2498 prioribus
261 2418 393 2497 epistulis
410 2420 595 2497 promiseram
611 2420 743 2482 exhibeo.
781 2418 863 2480 Hunc
884 2435 957 2496 rogo
980 2437 1017 2479 ex
1036 2437 1105 2480 con·

100 2500 252 2562 suetudine
266 2510 314 2562 tua
330 2511 359 2562 et
373 2501 455 2580 legas
470 2511 499 2563 et
512 2502 666 2583 emendes,
690 2521 726 2564 eo
742 2506 848 2581 magis,
865 2501 940 2581 quod
956 2503 1024 2563 nihil
1040 2513 1105 2565 ante

56 2603 247 2666 nopereeqne
263 2585 366 2647 eodem
386 2585 453 2647 stilo
475 2588 630 2667 scripsisse
645 2588 766 2650 videor..
792 2587 939 2666 Temptavi
956 2590 1030 2648 enim
1044 2589 1103 2648 imi-
1093 2599 1129 2651 -ι

100 2671 153 2731 tari
168 2668 384 2731 Demosthenen
401 2688 516 2751 semper
532 2680 626 2749 tunm,
651 2669 769 2732 Calvum
784 2690 876 2771 npper
895 2689 1005 2792 meum,
1026 2671 1104 2732 dum·

100 2761 176 2813 taxat
190 2753 288 2831 liguris
304 2755 453 2816 orationis:
478 2773 541 2816 narn
555 2756 612 2815 vim
629 2765 769 2816 tantorum
782 2756 906 2815 virorum
911 2717 1009 2834 'pauci
1031 2773 1104 2834 quos

101 2855 209 2915 aequus
229 2837 469 2917 amammadsequi
488 2849 619 2919 possunt.
654 2838 718 2901 Nec
738 2841 877 2900 materia
868 2857 931 2918 ipsa
945 2838 1029 2918 huic,
1052 2859 1102 2901 ve·
1092 2849 1128 2903 -3

58 2181 91 2232 15

100 2938 167 2981 reor
179 2941 216 2982 ne
226 2922 347 3001 inprobe
359 2921 460 3002 dicam,
472 2923 650 2984 aemulationi
661 2925 845 3004 repugnavit:
857 2932 918 2984 erat
928 2924 1002 2983 enim
1012 2942 1106 3004 prope

60 2993 182 3071 nst'otu
174 3024 203 3065 ιιι
218 3008 400 3068 contentione
420 3007 550 3086 dicendi,
572 3007 648 3086 quod
671 3025 718 3069 me
738 3007 843 3108 lpngue
866 3007 992 3069 desidiae
1011 3008 1105 3069 indor-

101 3089 235 3150 mientem
256 3092 405 3169 excitavit,
430 3092 455 3152 si
475 3091 590 3152 modo
581 3111 607 3154 rs
625 3110 687 3153 sum
703 3087 767 3190 eg'o
789 3093 837 3172 qui
851 3092 970 3153 excitari
984 3094 1102 3171 possim.

101 3170 166 3233 Non
180 3181 274 3235 tamen
291 3176 402 3235 omnino
417 3173 505 3236 llarci
518 3178 608 3238 nostri
625 3169 799 3254 ληκύθους
813 3176 953 3254 fugimus,
972 3179 1103 3254 quotiens
1112 3187 1140 3240 4-

101 3255 216 3335 paulum
234 3258 336 3321 itinere
356 3258 500 3320 decedere
523 3278 580 3320 non
599 3261 806 3361 Intempestivis
826 3261 1041 3323 amoenitatibus
1057 3261 1105 3323 ad·

100 3341 299 3404 monebamur:
315 3361 398 3406 acres
415 3346 489 3404 enim
503 3363 582 3423 esse,
599 3362 657 3405 non
669 3346 767 3406 tristes
782 3343 957 3407 volebamus.
980 3343 1044 3406 Nec
1058 3355 1130 3408 esto

61 3424 180 3505 doquod
197 3436 282 3504 putes
304 3445 350 3488 me
372 3429 425 3490 sub
446 3428 500 3488 hac
521 3430 693 3508 exceptione
714 3430 825 3490 veniam
839 3428 994 3509 postulare.
1033 3428 1104 3490 Nam

103 3525 167 3653 qap
179 3513 269 3654 magEis
290 3512 431 3574 intendam
447 3511 539 3574 limam
557 3523 648 3593 tuam,
671 3514 831 3576 conitebor
852 3522 882 3574 et
901 3515 993 3658 iplsnm
1013 3523 1106 3574 meet

168 3615 220 3654 ΗΜ
258 3616 284 3655 Ρ.
