2580 3970
331 230 592 296 susurronum
602 242 745 300 ιιι-ιι.
761 235 929 314 [os-oe]
1064 235 1126 301 sas

498 382 600 446 xovr.
621 382 758 462 [xcurp

346 501 374 555 (l.
393 499 517 552 PLINIUS
534 500 676 553 TRAIANO
694 499 902 554 impensioni.
1072 441 1159 564 Ἃ

189 638 334 700 sollemne
350 648 395 700 est
408 637 490 715 mibi,
508 637 636 715 domiue,
658 640 749 700 omnia
764 637 800 697 de
815 635 917 715 quibus
933 636 1031 700 dubito
1047 640 1083 701 ad
1096 650 1152 706 tet

100 722 245 784 treierre.
278 721 348 795 Quis
365 724 440 783 enim
458 730 556 800 potest
575 721 679 782 melius
693 721 742 782 vel
758 722 965 781 cunctationem
977 739 1068 784 mesni
1080 741 1127 784 re·

126 825 198 884 gere
213 804 261 865 vel
282 806 466 882 ignorantiam
487 802 643 866 extruere?
668 802 883 884 Cognitionibus
903 803 938 864 de
960 803 1125 868 christianis

126 889 241 950 interlui
254 905 421 968 numquam:
440 888 505 949 ideo
519 889 620 950 nescio
631 888 699 968 quid
714 897 745 949 et
759 897 897 966 maternus
912 897 959 948 aut
972 891 1065 968 puniri
1079 909 1126 952 so·

126 973 246 1033 lentant
262 974 369 1050 quaeri.
389 970 454 1033 Neo
468 970 650 1034 mediocriter
664 968 801 1032 haesitavi
814 972 891 1032 sitne
900 971 1016 1051 aliquod
1027 973 1153 1038 discit-a

127 1073 192 1118 men
211 1064 333 1116 aetatum
352 1073 388 1116 an
408 1054 562 1136 quamlibet
583 1056 674 1117 teneri
690 1055 759 1116 nibil
778 1073 796 1116 a
815 1055 1025 1117 robustioribus
1037 1057 1126 1118 dilie-

86 1152 119 1206 ιο
126 1149 198 1218 rant,
214 1138 296 1199 detur
309 1140 499 1220 paenitentiae
513 1142 596 1200 venia
608 1157 644 1200 an
658 1141 686 1199 ei
697 1141 745 1218 qui
759 1139 871 1200 omnino
887 1136 1060 1201 Christianos
1075 1141 1128 1201 luit

128 1223 240 1285 desisse
251 1239 308 1283 non
324 1225 431 1302 prosit,
447 1239 550 1284 nomen
563 1224 667 1302 ipsum,
682 1225 707 1284 si
722 1222 835 1300 ilagitiis
851 1232 957 1301 cureat,
971 1240 1007 1283 uo
1021 1223 1127 1302 flagitia

129 1306 309 1367 cohaerentis
323 1308 428 1368 nomini
445 1307 601 1386 puniantur.
634 1304 749 1366 Interim
766 1308 798 1366 ire
819 1306 854 1366 iis
874 1305 922 1383 qui
942 1306 977 1366 ad
996 1325 1042 1367 me
1057 1316 1127 1368 tam·

128 1407 211 1468 mam
229 1387 379 1452 Christiani
400 1390 600 1452 deferebantur
619 1389 694 1450 bunc
715 1407 777 1452 sum
797 1397 915 1450 secutus
930 1388 1050 1450 modum.
1083 1388 1155 1454 ln·3

127 1475 271 1551 terrogavi
284 1474 366 1552 ipsos
378 1481 523 1535 suessent
537 1470 697 1534 christiani.
721 1470 898 1534 Conliteotes
913 1473 1014 1532 iterum
1024 1491 1059 1535 ac
1071 1482 1127 1535 ter·

85 1563 119 1616 15
126 1559 166 1617 tio
180 1557 368 1634 interrogavi,
390 1557 561 1636 supplicium
575 1557 710 1619 minatus:
729 1561 950 1637 perseuerantes
967 1557 1032 1618 duci
1047 1559 1126 1619 iussi.

126 1638 229 1718 Neque
247 1641 321 1700 enim
341 1640 516 1718 dubitabam,
539 1639 746 1720 qualecumque
767 1649 848 1702 esset
866 1639 943 1718 quod
959 1639 1125 1718 faterentur,

126 1725 311 1803 pertinaciam
325 1734 405 1785 certe
422 1732 452 1784 et
472 1723 655 1785 inflexibilem
671 1724 889 1785 obstinationem
900 1722 1010 1784 debere
1024 1727 1125 1803 puniri.

126 1805 251 1866 Fuerunt
266 1805 313 1866 alii
333 1807 432 1870 similis
452 1809 589 1869 amentiae
604 1825 695 1886 quos,
717 1809 782 1886 quie
804 1809 883 1867 cives
902 1805 1021 1866 Romani
1036 1815 1153 1884 eronus

127 1889 257 1960 adnotavi
277 1890 305 1949 io
326 1891 425 1950 urbem
445 1890 640 1952 remittendos.
676 1890 746 1952 llox
766 1890 830 1969 ipso
851 1898 986 1968 tractatu,
1015 1899 1045 1950 ut
1066 1891 1127 1951 lieri

83 1972 220 2050 bosolet,
243 1972 414 2034 diffundente
429 1991 462 2033 se
483 1975 598 2034 crimine
613 1972 712 2052 plures
729 1973 847 2051 species
858 1972 1026 2035 inciderunt.
1058 1971 1152 2036 Pro-5

126 2058 240 2137 positus
257 2066 302 2119 est
319 2055 434 2117 libellus
454 2057 517 2117 sine
534 2066 655 2117 auctore
672 2054 824 2118 multorum
837 2057 949 2118 uomina
967 2056 1125 2117 continens.

127 2139 183 2214 Qui
204 2137 355 2217 negabant
367 2159 434 2200 esse
458 2158 491 2200 se
507 2137 681 2201 christianos
696 2148 743 2200 aut
757 2138 864 2217 fuisse,
887 2157 951 2200 cum
969 2149 1125 2218 praeeunte

126 2241 172 2283 me
187 2223 258 2286 deos
273 2221 452 2302 appellarent
467 2231 497 2284 et
511 2223 624 2301 imagini
638 2232 715 2300 tuae,
732 2240 815 2301 quam
828 2231 948 2300 propter
962 2223 1018 2283 hoc
1033 2225 1127 2285 iusse-

126 2325 186 2367 ram
206 2324 270 2367 cum
289 2305 446 2368 simulacris
466 2307 607 2366 numinum
621 2305 742 2385 adferri,
770 2314 833 2367 ture
854 2324 888 2367 ac
902 2305 967 2368 uino
983 2306 1126 2387 supplica·

82 2399 199 2468 25rent,
215 2400 365 2469 praeterea
379 2387 452 2450 male
469 2390 598 2451 dicerent
609 2387 732 2466 Christo,
751 2407 869 2469 quorum
880 2389 948 2451 nihil
960 2407 1048 2469 posse
1061 2393 1127 2468 cogi

126 2474 257 2534 dicuntur
272 2475 319 2552 qui
334 2482 398 2537 sunt
413 2491 446 2533 re
461 2491 530 2534 vera
544 2470 713 2552 Christiani,
734 2471 913 2535 dimittendos
932 2493 999 2536 esse
1020 2478 1125 2553 putavi.

124 2557 183 2616 Alii
197 2559 232 2619 ab
252 2557 347 2618 indice
367 2557 500 2617 nominati
521 2575 640 2618 essese
662 2554 838 2619 Christianos
859 2557 990 2620 dixerunt
1011 2567 1041 2619 et
1059 2569 1152 2624 mord

124 2650 314 2718 negaveruut;
334 2640 425 2701 inisse
447 2640 579 2720 quidem,
600 2639 653 2702 sed
672 2640 800 2718 desisse,
824 2641 935 2719 quidam
947 2651 1013 2702 ante
1027 2641 1126 2720 plures

125 2741 231 2802 annos,
253 2740 407 2784 nonnemo
420 2725 503 2785 etiam
517 2731 582 2783 ente
595 2725 694 2800 viginti
709 2741 834 2802 quoque.
863 2723 968 2786 Omnes
984 2734 1014 2785 et
1029 2725 1125 2803 imagi-

81 2818 190 2872 tonem
204 2817 280 2868 tuam
301 2807 476 2886 deorumque
497 2804 645 2868 simulacra
664 2809 793 2868 venerati
813 2817 878 2868 suut
899 2808 940 2886 [ii]
962 2816 992 2867 et
1012 2804 1126 2868 Christo

126 2891 200 2952 male
221 2891 360 2953 dixerunt.
394 2890 586 2952 Adfirmabent
605 2899 699 2951 autem
721 2889 794 2952 buno
814 2891 906 2951 luisse
926 2907 1059 2951 summum
1078 2889 1153 2953 velt

127 2974 229 3054 culpae
250 2991 318 3036 suee
334 2973 382 3034 vel
403 2975 525 3053 erroris,
547 2974 623 3052 quod
640 2984 739 3036 essent
761 2974 838 3036 soliti
854 2983 927 3037 stato
943 2973 989 3034 die
1005 2982 1068 3036 aute
1082 2972 1125 3034 lu·

127 3076 190 3118 cem
205 3060 358 3118 convenire
375 3076 545 3136 carmenque
561 3055 676 3119 Gliristo
690 3060 770 3137 quasi
790 3058 845 3120 deo
860 3057 956 3118 dicere
973 3075 1072 3120 secum
1085 3059 1126 3116 iu·

125 3145 237 3221 ricem,
259 3160 350 3221 seque
366 3151 543 3203 sacramento
561 3159 619 3202 non
639 3143 668 3201 in
689 3142 786 3205 scelus
803 3141 918 3220 aliquod
932 3141 1124 3219 obstringere,

82 3225 327 3304 essetecum,
343 3243 379 3286 oe
389 3225 545 3303 latrocinia,
564 3244 600 3286 ne
612 3225 749 3287 adulteria
759 3227 977 3304 committerent,
991 3243 1029 3286 ne
1042 3224 1126 3285 iidem

125 3309 274 3386 iallerent,
292 3327 329 3370 oe
345 3310 507 3388 depositum
523 3308 660 3388 appellati
672 3311 863 3390 abnegarent:
885 3309 986 3388 quibus
1000 3307 1125 3388 peractis

125 3407 235 3455 morem
249 3394 304 3454 sibi
319 3392 484 3454 discedendi
499 3392 600 3470 luisse,
618 3411 774 3472 rursusque
789 3392 823 3454 ad
838 3392 1005 3473 capiendum
1020 3392 1124 3468 cibum,

125 3479 318 3558 promiscuum
337 3485 430 3539 tamen
451 3487 481 3540 et
499 3477 640 3538 innoxium
647 3498 655 3548 ;
683 3477 760 3557 quod
780 3478 871 3558 ipsum
893 3478 991 3537 lacere
1012 3475 1126 3537 desisse
