2580 3970
155 246 218 312 284
576 244 609 307 G.
627 244 724 306 PLINI

155 403 210 462 ttta
224 409 289 461 ante
305 399 410 476 iacies,
434 399 593 478 prinoipem
606 408 756 476 aequatum
775 396 927 458 candidatis
946 406 976 457 et
990 398 1071 458 simul
1087 407 1164 459 stan·

155 493 213 545 tem
232 485 351 559 intueri,
376 499 474 563 parem
494 482 701 563 accipientibus
723 480 860 542 honorem
875 482 923 560 qui
938 480 1030 541 dabat.
1076 481 1164 554 Quod

155 568 260 628 iactum
274 576 352 627 tuum
366 584 382 626 a
399 575 503 626 cuncto
517 576 618 627 senatu
636 583 717 643 quam
731 583 800 625 vera
814 564 1017 625 adclamatione
1033 563 1164 626 celebra-

155 662 214 711 tum
229 659 274 712 est
289 656 378 710 ‘tanto
390 651 494 726 maior,
508 659 586 710 tanto
601 646 774 726 augustior’!
788 647 861 709 Nam
870 649 916 708 oui
924 647 993 708 nibil
1005 649 1040 709 ed
1053 666 1162 726 augen-

156 735 221 794 dum
235 734 380 811 fastigium
395 742 547 812 superest,
569 733 617 793 bic
633 751 688 792 uno
702 732 789 792 modo
805 749 941 793 arescere
959 742 1073 810 potest,
1089 735 1114 792 si
1130 745 1188 795 set

155 821 219 897 ipse
234 819 402 894 summittat,
419 834 538 878 securus
549 813 746 894 magnitudinis
756 833 834 876 snae.
850 813 952 894 Neque
966 817 1040 875 enim
1054 815 1090 876 ab
1101 814 1163 876 ullo

155 900 286 980 periculo
298 900 410 960 fortuna
418 902 577 980 principum
592 899 706 978 longius
723 899 805 960 abest
817 915 900 978 ιιιιιιι
908 898 1081 960 humilitatis.
1093 899 1164 960 blilri

157 985 271 1065 quidem
289 1002 346 1045 non
366 993 422 1044 tam
443 983 596 1043 humanitas
618 992 665 1043 tua
679 1001 762 1062 qrmm
776 983 896 1042 intentio
913 983 975 1042 eius
990 981 1162 1043 admirabilis

153 1069 314 1129 uidebatur.
337 1065 451 1147 Quippe
464 1084 528 1126 oum
540 1067 659 1129 orationi
674 1066 776 1126 oculos
790 1083 894 1127 uocem
909 1083 1020 1127 manum
1035 1083 1162 1127 commo·

157 1152 256 1229 dares,
272 1161 303 1212 ut
318 1153 342 1211 si
360 1150 407 1210 alii
423 1149 523 1211 eadem
535 1153 589 1212 ista
600 1150 780 1228 mandasses,
797 1167 897 1211 omnes
913 1151 1052 1213 comitatis
1063 1169 1161 1210 nume·
1173 1162 1204 1213 lu
1281 1129 1282 1222 l

156 1253 204 1296 ros
226 1236 337 1295 obibas.
369 1234 465 1312 Atque
488 1236 586 1312 etiam,
609 1251 674 1295 cum
688 1235 799 1294 nomina
817 1233 1036 1311 suffragatorum
1050 1233 1162 1294 bonore

157 1336 214 1398 quo
229 1319 323 1378 solent
339 1319 558 1396 exciperentur,
576 1327 606 1378 tu
622 1335 736 1397 quoque
752 1319 826 1378 inter
840 1319 1019 1396 excipientes
1037 1335 1112 1396 eras,
1133 1327 1162 1378 et

157 1421 195 1463 ex
210 1421 261 1462 ore
281 1403 419 1481 principis
433 1400 483 1461 ille
499 1403 658 1462 senatorius
673 1401 812 1461 adsensus
828 1401 1009 1478 audiebatur,
1027 1401 1162 1480 quodque

156 1486 231 1564 apud
251 1487 409 1564 principem
429 1485 582 1564 perbibere
608 1486 798 1545 testimonium
820 1485 995 1545 merentibus
1019 1483 1163 1561 gaudeba-

156 1589 235 1646 mus,
258 1569 461 1646 perhibebatur
481 1585 498 1627 a
518 1570 657 1646 principe.
690 1567 829 1629 Faciebas
849 1585 938 1645 ergo,
968 1585 1031 1628 cum
1046 1568 1203 1630 diaeresis
1281 1605 1282 1614 ι

158 1655 295 1731 optimos:
318 1669 372 1712 nec
388 1654 513 1730 ipsorum
533 1652 619 1713 modo
633 1655 723 1712 vitae
744 1660 789 1729 te,
812 1650 866 1712 sed
888 1651 1021 1712 iudicium
1045 1663 1161 1714 senatus

159 1735 402 1815 conprobabatur,
432 1736 581 1814 ornarique
598 1753 648 1811 se,
672 1753 729 1795 non
744 1735 811 1796 illos
831 1737 922 1813 magis
937 1753 1009 1813 quos
1028 1734 1164 1796 laudabas
1281 1755 1282 1760 ¹

81 1828 83 1831 '
109 1818 147 1882 tt
159 1819 323 1880 laetabatur.
345 1817 415 1879 Nam
430 1817 506 1897 quod
522 1829 656 1896 precatus
670 1838 703 1878 es
713 1828 744 1878 ut
760 1818 809 1879 illa
822 1821 885 1899 ipsa
900 1817 1038 1879 ordinatio
1054 1822 1163 1880 comiti·

158 1921 237 1963 oram
251 1904 325 1964 bene
340 1921 374 1963 ac
389 1901 514 1963 feliciter
524 1905 652 1963 eveniret
663 1903 758 1979 nobie,
773 1904 816 1963 rei
829 1902 972 1982 publicae,
986 1904 1050 1979 tibi,
1068 1921 1163 1964 nonne

156 1987 214 2048 tale
235 1996 280 2048 est
300 1997 330 2048 ut
345 2005 398 2048 nos
418 1986 494 2047 buno
512 1987 638 2048 ordinem
656 1995 788 2047 votorum
801 1996 970 2048 conuertere
986 1984 1206 2048 debeamus‘lbo

158 2071 228 2131 deos
249 2071 371 2150 denique
394 2071 548 2131 obsecrare
569 2081 599 2131 ut
620 2072 711 2131 omnia
733 2088 805 2148 quae
826 2070 899 2130 facis
921 2088 1051 2149 quaeque
1072 2071 1164 2132 iacies
1281 2101 1282 2110 ι

158 2171 299 2232 prospere
321 2155 422 2216 cedant
437 2155 505 2231 tibi,
525 2157 568 2214 rei
584 2154 733 2234 publicae,
754 2150 858 2214 nobis?
880 2152 928 2214 vel
951 2156 974 2214 ιι
995 2154 1110 2214 brevius
1128 2157 1165 2215 sit

159 2238 325 2316 optandum,
341 2248 371 2298 ut
383 2241 429 2297 uni
441 2235 511 2298 tibi?
525 2240 553 2296 in
565 2256 623 2317 quo
638 2248 667 2298 et
680 2256 728 2299 res
744 2237 859 2314 publica
870 2247 899 2298 et
910 2255 964 2298 nos
975 2255 1083 2298 sumus.
1099 2237 1165 2298 Fuit

157 2332 289 2400 tempus,
317 2340 352 2382 ac
371 2323 485 2381 nimium
504 2321 551 2381 diu
566 2323 635 2399 luit,
666 2339 721 2400 quc
738 2321 793 2381 alia
805 2320 942 2398 adversa,
970 2320 1025 2381 alia
1037 2320 1166 2382 secunda
1281 2339 1282 2410 ἐ

157 2405 279 2483 principi
293 2413 322 2463 et
333 2404 430 2464 nobis:
445 2423 519 2464 nunc
532 2407 689 2466 communia
700 2405 750 2465 tibi
761 2406 911 2466 nobiscum
923 2414 977 2466 tam
989 2404 1064 2465 laeta
1079 2415 1207 2483 quamue
1281 2411 1282 2414 ’

156 2490 264 2564 tristia,
287 2504 342 2546 neo
358 2487 448 2564 magis
463 2488 526 2548 sine
545 2497 575 2548 te
589 2504 643 2548 nos
657 2505 725 2548 esse
738 2487 842 2549 ielices
859 2507 941 2567 ([ιιιιιιι
957 2497 987 2549 tu
1002 2490 1063 2548 sine
1079 2490 1164 2550 nobis

157 2580 251 2651 potes.
274 2569 333 2646 dn,
352 2572 376 2630 ιι
390 2588 513 2649 posses,
529 2573 556 2629 in
571 2571 627 2631 line
641 2580 773 2632 votorum
790 2571 946 2632 adiecisses
961 2582 992 2631 ut
1008 2573 1048 2633 ita
1068 2575 1164 2650 preci·
1281 2607 1282 2656 i

157 2657 210 2716 bus
225 2657 281 2714 tuis
296 2654 332 2714 dii
349 2652 521 2732 adnuerant,
537 2656 562 2715 si
577 2653 712 2715 iudicium
725 2662 852 2716 nostrum
863 2657 967 2716 mereri
979 2673 1165 2734 perseveras·

157 2735 225 2799 ses?
247 2738 330 2798 Adeo
351 2736 419 2798 nibil
440 2739 491 2799 tibi
512 2756 608 2814 amore
631 2741 735 2798 civium
750 2741 889 2818 antiquius
902 2747 934 2798 ut
948 2749 1013 2800 ante
1030 2758 1047 2800 a
1067 2740 1164 2817 uobis,

157 2821 259 2882 deinde
275 2840 291 2881 a
307 2821 377 2900 diis,
393 2832 478 2902 atque
492 2825 530 2882 ita
543 2823 580 2882 ab
597 2821 653 2881 illis
669 2824 754 2883 amari
768 2822 859 2900 velis,
877 2824 902 2883 ιι
916 2841 933 2884 a
949 2823 1032 2883 nobis
1047 2825 1163 2884 ameris.
1173 2832 1209 2886 30

155 2904 193 2964 Et
204 2923 273 2965 sane
285 2908 411 2983 priorum
424 2908 583 2985 principum
598 2909 690 2967 exitus
702 2906 798 2967 docuit
811 2925 877 2968 nea
889 2905 942 2966 diis
955 2905 1068 2985 quidem
1078 2908 1166 2967 amari

155 2990 210 3049 nisi
226 3004 298 3065 quos
313 2988 442 3050 bomines
458 3001 560 3051 ament.
593 2988 720 3051 Arduum
741 3000 802 3050 erat
821 2990 872 3050 bas
896 2991 1080 3068 precationes
1100 2999 1164 3050 tuas

156 3071 286 3134 laudibus
306 3072 480 3152 adaequare:
505 3073 722 3152 adaequavimus
742 3083 844 3134 amen.
874 3072 928 3146 Qui
945 3075 1049 3134 amoris
1066 3073 1163 3152 ardor,

157 3158 206 3235 qui
220 3155 341 3234 stimuli,
365 3175 438 3235 quae
453 3157 534 3218 iaces
549 3157 613 3218 illas
627 3158 711 3220 nobis
726 3158 950 3219 exclamationes
965 3157 1164 3218 subiecerunt!

155 3239 221 3300 Noa
237 3243 344 3316 nostri,
368 3240 491 3321 Caesar,
507 3243 630 3320 ingenii,
647 3242 699 3303 sed
713 3251 779 3304 tuae
792 3243 905 3304 virtutis
919 3251 1090 3319 tuorumque
1104 3249 1210 3304 nne-as

155 3327 273 3384 ritorum
293 3342 385 3386 voces
404 3325 534 3401 inerunt,
562 3344 632 3404 quas
650 3324 729 3386 nulla
748 3343 879 3404 umquam
900 3324 1022 3386 adulatio
1043 3326 1162 3401 inuenit,

155 3407 249 3468 nullus
266 3409 431 3486 cuiusquam
445 3419 538 3469 terror
552 3411 705 3488 expressit.
730 3408 821 3482 Quem
834 3412 875 3469 sic
891 3410 1032 3470 timuimus
1046 3416 1076 3468 ut
1090 3407 1165 3469 baec

156 3488 349 3570 lingeremus?
371 3510 456 3570 quem
471 3495 514 3552 sic
528 3495 680 3554 amavimus
696 3502 726 3553 ut
739 3493 811 3554 baec
827 3488 1001 3554 fateremur?
1015 3491 1100 3552 Nosti
1114 3510 1165 3552 ne·
