2580 3970
174 255 239 321 252
603 254 636 316 0.
659 254 756 316 Pbllll

174 431 236 481 res;
262 411 369 488 gratius
382 418 475 469 tamen
490 407 566 486 quod
580 410 687 470 sensim
702 418 730 468 et
745 407 875 488 placide,
891 416 920 468 et
932 418 1065 488 quantum
1079 427 1185 490 respe-

177 496 309 556 ctantinm
323 493 405 554 turba
426 500 589 570 pateretur,
610 491 778 570 incederes,
800 492 877 570 quod
899 495 1108 554 occursantium
1131 511 1186 572 po·

175 578 259 658 pulus
276 587 305 638 te
320 593 452 656 quoque,
469 585 499 634 te
513 577 597 635 bomo
611 577 729 637 maxime
743 585 866 653 artaret,
889 577 966 654 quod
980 578 1071 655 primo
1089 580 1186 638 statim

177 663 221 723 die
237 662 310 724 latus
324 671 402 722 tuum
419 658 554 720 crederes
570 660 708 720 omnibus.
730 657 833 739 Neque
849 662 924 720 enim
939 661 1060 738 stipatus
1073 661 1184 723 satelli·
1271 658 1272 730 J

175 756 234 807 tum
249 763 347 821 manu,
373 743 427 804 sed
442 742 630 804 circumluens
645 742 769 823 undique
783 761 858 803 nunc
872 753 987 805 senatus
1002 761 1078 804 nuno
1093 760 1211 824 eque-5
1271 811 1272 838 ,

175 832 241 890 stris
256 829 361 889 ordinis
377 827 464 904 llore,
480 835 565 904 prout
581 827 744 888 alterutrum
755 827 931 907 frequentiae
943 847 1036 905 genus
1048 827 1183 890 invaluis-

176 922 238 990 set,
260 911 380 972 silentes
398 913 568 991 quietosque
585 911 704 972 lictores
719 920 785 972 tuos
802 910 1035 990 subsequebare:
1052 929 1117 972 nam
1132 916 1184 972 mi-

174 995 242 1058 lites
270 994 339 1055 nibil
361 1014 377 1055 a
398 993 486 1073 plebe
507 994 603 1054 babitu
624 994 825 1074 tranquillitate
844 994 983 1056 modestia
1001 994 1182 1058 differebant.
1271 1009 1272 1076 j

176 1081 232 1140 Ubi
246 1097 317 1140 uero
334 1079 456 1157 coepisti
471 1076 643 1159 Capitolium
657 1077 833 1154 ascendere,
858 1097 940 1158 mam
955 1079 1030 1140 laeta
1050 1080 1184 1142 omnibus
1271 1079 1272 1082 ’

175 1163 336 1242 adoptionis
356 1171 421 1222 tuae
440 1162 617 1224 recordatio!
652 1180 735 1241 mam
755 1161 901 1240 peculiare
923 1162 1056 1240 gaudium
1079 1181 1182 1224 eorum
1193 1175 1226 1226 1⁰

176 1250 224 1325 qui
238 1256 267 1307 te
281 1248 362 1325 primi
376 1244 479 1306 eodem
493 1246 561 1306 loeo
576 1246 766 1308 salutaverant
779 1246 993 1327 imperatorem!
1009 1245 1183 1320 Quinetiam

176 1331 259 1390 deum
272 1333 365 1409 ipsum
378 1340 446 1391 tunc
460 1332 641 1409 praeeipuam
655 1330 830 1409 voluptatem
842 1333 939 1409 operis
951 1331 995 1392 sui
1007 1333 1183 1410 percepisse
1271 1379 1272 1386 ,

122 1457 127 1466 .
176 1414 352 1474 crediderim.
382 1414 419 1474 Ut
441 1414 554 1492 quidem
568 1414 659 1477 isdem
673 1416 803 1492 vestigiis
818 1416 944 1476 institisti
958 1415 1060 1492 quibus
1074 1433 1183 1493 parens
1271 1459 1272 1506 ,

174 1507 239 1558 tuus
259 1500 360 1574 ingens
382 1496 452 1557 illud
472 1497 590 1559 deorum
611 1498 773 1579 prolaturus
793 1517 942 1576 arcanum,
970 1516 1044 1577 quae
1059 1501 1182 1560 circum·
1271 1509 1272 1514 ’

175 1583 305 1642 stantium
324 1580 439 1657 gaudia!
465 1598 548 1659 quam
568 1599 672 1643 recens
695 1581 815 1642 clamor!
842 1601 924 1661 qnam
944 1582 1043 1644 similis
1058 1581 1101 1642 illi
1117 1583 1181 1644 dies
1191 1591 1222 1641 15
1271 1601 1272 1620 ¹

176 1665 223 1743 qui
234 1663 308 1723 bunc
319 1665 417 1740 genuit
429 1663 518 1725 dem!
532 1675 563 1725 ut
578 1664 663 1744 plena
676 1665 826 1744 altaribus,
842 1676 961 1744 angusta
975 1667 1098 1726 victimis
1113 1685 1182 1727 cun·
1271 1665 1272 1757 ,

179 1747 237 1809 ota!
263 1757 294 1808 ut
308 1749 337 1808 in
352 1749 433 1808 unius
449 1746 568 1808 salutem
584 1748 687 1810 collata
709 1752 830 1814 omnium
845 1749 926 1811 vota!
951 1768 1014 1810 cum
1028 1750 1083 1810 sibi
1098 1769 1132 1812 se
1146 1769 1183 1811 ac
1271 1759 1272 1834 p

175 1832 274 1897 liberis
292 1834 351 1893 suis
367 1830 570 1908 intellegerent
581 1834 694 1912 precari
706 1851 779 1912 quae
793 1848 846 1913 pro
857 1843 887 1894 te
899 1844 1095 1912 precarentur.
1110 1833 1182 1895 Inde
1271 1843 1272 1872 l

174 1925 205 1976 tu
225 1918 253 1975 in
271 1913 404 1995 palatium
421 1915 552 1995 quidem,
583 1915 686 1978 sedeo
701 1917 798 1995 vultu,
826 1937 861 1980 ea
874 1916 1085 1995 moderatione,
1108 1927 1141 1978 ut
1154 1921 1180 1979 si

175 2001 311 2078 privatam
325 1999 437 2060 domum
452 2009 584 2078 peterem
603 2003 693 2063 ceteri
705 2001 739 2062 ad
754 2011 874 2080 penates
889 2018 958 2062 snos
973 2003 1111 2081 quisque,
1126 2003 1179 2063 ite·
1189 2004 1223 2056 ‘20
1271 2007 1272 2010 ’

124 2078 165 2139 at
177 2092 288 2144 raturus
307 2084 402 2160 gaudii
418 2083 518 2162 iidem,
540 2086 589 2145 ubi
606 2084 683 2145 nnlla
697 2087 857 2147 necessitas
873 2085 1013 2162 gaudendi
1031 2095 1086 2146 est.
1103 2084 1179 2146 One-

173 2177 266 2226 rasset
291 2166 374 2228 alium
399 2170 459 2228 eius
482 2167 557 2227 modi
579 2170 722 2238 introitus;
758 2179 788 2228 tu
812 2169 916 2230 cotidie
940 2168 1130 2230 admirabilior
1151 2180 1180 2230 et

174 2249 292 2327 melior,
316 2251 380 2311 talis
400 2251 524 2331 denique
543 2252 644 2330 quales
665 2251 711 2312 alii
728 2254 874 2331 principes
894 2252 1005 2313 luturos
1025 2270 1058 2313 se
1073 2261 1180 2314 tantum
1271 2255 1272 2270 ³

175 2333 356 2411 pollicentur.
378 2333 476 2394 Solum
487 2353 559 2412 ergo
571 2345 601 2396 te
617 2335 793 2398 commendat
803 2344 947 2414 augetque
961 2339 1098 2414 temporis
1113 2354 1178 2415 spa·

174 2417 249 2475 tium.
272 2414 389 2476 lunxisti
405 2419 480 2476 enim
494 2435 527 2476 nc
540 2420 678 2478 miscuisti
694 2435 742 2478 res
754 2419 979 2496 diversissimas,
995 2417 1219 2482 securitatem25

175 2497 242 2558 olim
259 2499 424 2576 imperantis
439 2508 469 2559 et
484 2501 646 2578 incipientis
660 2500 809 2582 pudorem.
830 2501 894 2563 Non
908 2513 938 2563 tu
951 2504 1056 2563 civium
1070 2503 1178 2582 ample·

173 2600 227 2651 xus
244 2581 280 2642 ad
299 2581 390 2660 pedes
406 2591 470 2643 tuos
485 2583 619 2662 deprimis
633 2602 689 2644 nec
704 2584 833 2644 osculum
852 2604 933 2646 manu
947 2586 1057 2646 reddis:
1084 2597 1179 2648 manet

173 2667 335 2746 imperatori
355 2685 428 2744 quae
442 2668 521 2746 prior
537 2669 595 2728 oris
609 2667 773 2736 humanitas.
802 2667 960 2730 Incedebas
975 2670 1113 2747 pedibus;
1137 2673 1178 2730 in·

175 2750 269 2812 cedis:
286 2750 436 2812 laetabaris
450 2751 565 2821 labore;
583 2751 711 2813 laetaris:
727 2753 826 2814 eadem
841 2771 913 2831 quae
932 2755 1024 2814 omnia
1037 2753 1085 2814 illa
1099 2757 1176 2814 circa

173 2843 203 2894 te
216 2833 284 2894 nibil
299 2837 331 2894 io
344 2836 408 2914 ipso
420 2843 450 2896 te
464 2833 575 2896 fortuna
587 2837 712 2897 mutavit.
734 2834 865 2896 Liberum
877 2846 922 2896 est
931 2837 1110 2914 ingrediente
1123 2839 1218 2918 perdo

173 2916 319 2995 publicum
330 2920 461 2996 principe
474 2920 649 2997 subsistere,
662 2935 833 2997 occurrere,
847 2922 989 2998 comitari,
1002 2924 1175 3000 praeterire:
1271 2931 1272 2974 t

172 2998 298 3060 ambulas
312 3001 386 3060 inter
401 3017 471 3077 nos,
487 3019 544 3062 non
559 3004 638 3080 quasi
656 3005 817 3080 contingam
832 3013 861 3064 et
876 3006 988 3084 copiam
1002 3007 1058 3082 tui,
1073 3023 1132 3066 non
1146 3014 1176 3064 ut

172 3085 301 3163 imputes,
328 3083 408 3145 lacis.
441 3083 546 3146 Haeret
562 3085 644 3146 lateri
658 3094 707 3146 tuo
724 3089 852 3165 quisquis
867 3091 1007 3166 accessit,
1033 3089 1176 3167 finemque
1271 3131 1272 3146 t

171 3170 296 3228 sermoni
314 3185 382 3230 suus
398 3171 502 3248 cuique
518 3168 627 3248 pudor,
641 3187 697 3229 oon
712 3180 759 3231 tuo
776 3171 911 3249 superbia
926 3172 1004 3233 lacit.
1037 3171 1175 3251 Regimur
1271 3161 1272 3236 l

172 3251 284 3327 quidem
299 3262 355 3313 ato
368 3261 397 3313 et
408 3253 530 3314 subiecti
543 3253 609 3330 tibi,
624 3252 677 3314 sed
695 3253 927 3332 quemadmodum
938 3255 1052 3334 legibus
1066 3275 1171 3317 sumus.
1182 3261 1215 3314 3⁵
1271 3295 1272 3300 κ

170 3331 241 3393 Nam
256 3343 284 3394 et
298 3333 364 3396 illae
380 3337 550 3414 cupiditates
565 3347 677 3398 nostras
693 3336 883 3417 libidinesque
898 3338 1095 3418 moderantur,
1122 3358 1174 3401 no·

170 3416 280 3478 bisoum
290 3427 383 3479 tamen
396 3429 425 3480 et
438 3422 575 3481 internos
589 3430 748 3482 versantur.
768 3419 901 3498 Emines,
919 3422 1060 3500 excellis,
1076 3433 1107 3484 ut
1121 3424 1174 3483 bo·
1271 3439 1272 3480 1

168 3518 239 3582 nor,
254 3513 284 3564 ut
296 3514 445 3579 potestas,
469 3525 542 3582 quae
558 3524 645 3585 snper
659 3503 789 3566 homines
805 3505 934 3586 quidem,
949 3504 1092 3566 hominum
1107 3518 1172 3568 sunt
1271 3489 1272 3540 l
