2580 3970
402 257 666 322 PANEGYRICUS
687 269 730 324 24.
746 271 790 324 25.
803 273 846 326 26.
1066 263 1128 329 253

125 427 226 478 tamen.
251 414 326 475 Ante
341 425 370 474 te
387 415 532 494 principes
544 415 656 476 fastidio
667 414 757 476 nostri
772 425 802 475 et
817 415 938 495 quodam
951 418 1128 497 aequalitatis

123 510 200 561 metu
210 493 292 558 nsum
306 497 411 578 pedum
423 499 581 559 amiserant.
603 498 673 560 lllos
685 517 756 577 ergo
767 501 856 559 umeri
870 504 1057 580 cervicesque
1068 523 1129 564 ser·

123 600 223 645 vorum
240 599 329 662 snper
344 579 393 642 ora
406 592 518 661 nostra,
539 593 569 644 te
584 583 672 660 lama,
690 593 720 643 te
734 582 841 662 gloria,
863 594 892 645 tc
908 587 1010 645 civium
1025 589 1128 664 pietas,

120 681 153 730 te
168 669 286 729 libertas
298 684 387 746 super
401 669 482 745 ipsos
496 669 643 747 principes
656 667 778 737 vehunt;
795 677 824 728 te
839 667 874 728 ad
888 669 982 730 sidera
993 669 1067 729 tollit
1079 670 1129 730 lru·

94 752 185 814 5mus
200 754 254 812 ista
272 753 426 812 communis
441 761 470 812 et
486 752 605 812 confusa
618 752 756 831 principis
770 753 903 830 vestigia.

188 835 252 896 Nec
272 853 394 913 vereor,
420 845 518 914 patres
537 837 713 913 conscripti,
739 855 776 896 ne
797 835 911 914 longior
924 837 1040 916 uidear,
1064 857 1128 897 cum
1140 830 1179 892 25

123 923 162 981 sit
180 922 299 980 maxime
317 919 468 999 optandum
487 928 518 979 ut
539 938 573 981 ea
593 937 646 999 pro
667 920 769 998 quibus
791 929 912 998 aguntur
926 923 1047 1000 principi
1065 939 1128 999 gra-

122 1005 180 1064 tiae
194 1004 281 1064 multa
297 1006 367 1064 sint:
391 1021 463 1082 quae
478 1003 591 1083 quidem
606 1006 784 1064 reverentius
798 1003 884 1065 inerit
901 1007 1013 1083 integra
1031 1004 1129 1065 inliba-

124 1099 211 1168 taque
233 1089 453 1166 cogitationibus
471 1089 578 1150 vestris
593 1088 736 1149 reservari
750 1105 833 1167 qnam
856 1092 974 1168 carptim
991 1090 1129 1150 breviter-

80 1177 115 1228 10
126 1191 182 1253 qne
199 1174 370 1251 perstringi,
386 1173 450 1251 quia
465 1171 527 1232 iere
542 1173 671 1251 sequitur
684 1181 715 1233 ut
730 1171 777 1232 illa
792 1172 906 1250 quidem
922 1172 957 1233 de
973 1173 1075 1253 quibus
1089 1183 1129 1234 ta·

124 1275 193 1319 ceas
213 1266 289 1317 tanta
312 1265 415 1336 quanta
436 1266 501 1317 sunt
525 1273 592 1317 csse
611 1255 774 1316 uideantur:
795 1258 849 1318 nisi
871 1273 943 1317 vero
966 1257 1070 1318 leniter
1089 1265 1129 1317 at·

124 1341 193 1418 tingi
213 1340 309 1420 placet
329 1340 518 1419 locupletatas
535 1341 626 1401 tribus
647 1339 798 1419 datumque
820 1341 993 1418 congiarium
1008 1339 1129 1421 populo,

123 1434 153 1485 et
169 1425 261 1485 datum
277 1434 384 1503 totum,
402 1442 465 1484 cnm
482 1423 606 1484 donadei
622 1433 730 1503 partem
746 1423 849 1485 milites
864 1425 1057 1504 accepissent.
1085 1423 1129 1484 An

122 1507 275 1571 mediocris
291 1511 373 1569 animi
389 1517 434 1570 est
454 1507 498 1569 his
511 1510 606 1586 potius
627 1518 845 1589 repraesentare
860 1508 964 1590 quibus
975 1511 1067 1588 magis
1080 1527 1117 1568 ne

77 1600 114 1652 15
124 1595 184 1671 gari
205 1591 325 1673 potest?
351 1609 517 1672 quamquam
530 1594 559 1652 in
573 1592 627 1653 hac
642 1609 757 1674 qnoque
773 1592 938 1655 diversitate
952 1592 1130 1674 aequalitatis

122 1679 195 1737 ratio
216 1687 329 1738 servata
354 1685 407 1738 est.
440 1676 562 1755 Aequati
585 1686 651 1738 sunt
664 1679 740 1736 enim
754 1676 864 1757 populo
879 1677 984 1739 milites
1002 1693 1038 1738 eo
1053 1675 1132 1757 quod

122 1770 249 1840 partem,
272 1760 324 1822 sed
339 1763 471 1841 priores,
494 1761 619 1841 populus
636 1759 790 1840 militibus,
808 1761 885 1840 quod
900 1763 1061 1842 posterior,
1078 1760 1131 1823 sed

122 1854 212 1906 totum
233 1847 327 1907 statim
342 1846 466 1924 accepit.
499 1844 653 1906 Enimvero
670 1864 725 1925 qua
740 1844 915 1923 benignitate
937 1846 1055 1907 divisum
1071 1844 1129 1904 est!

125 1938 303 2008 quantaeque
320 1947 404 1990 curae
419 1929 471 1989 tibi
485 1928 538 1989 init
554 1947 591 1990 ne
606 1931 669 2008 quis
687 1945 793 2007 expers
807 1928 983 1990 liberalitatis
998 1937 1063 1990 tuae
1080 1929 1130 1988 lie·

80 2012 183 2074 toret!
218 2013 320 2074 Datum
337 2023 382 2074 est
404 2014 440 2073 iis
462 2015 509 2090 qni
524 2022 591 2092 post
605 2012 728 2073 edictum
743 2021 820 2071 tuum
834 2015 862 2072 in
877 2012 971 2072 locum
986 2029 1131 2072 erasarum

123 2096 229 2158 subditi
246 2097 374 2174 inerant,
401 2098 571 2176 aequatiquc
591 2107 657 2158 sunt
677 2097 784 2157 ceteris
798 2095 840 2155 illi
857 2097 941 2157 etiam
957 2096 1059 2176 quibus
1073 2112 1130 2158 non

124 2190 185 2242 erat
197 2183 378 2261 promissum.
416 2179 549 2258 Negotiis
565 2179 682 2260 aliquis,
704 2179 866 2241 valetudine
884 2180 973 2260 alius,
989 2180 1129 2260 hiemari,

123 2265 175 2326 ille
190 2265 350 2326 fluminibus
365 2265 564 2326 distinebatur:
591 2272 761 2344 expectatus
782 2272 844 2344 cst,
868 2266 1072 2344 provisumque
1094 2283 1132 2324 ne

125 2351 189 2429 quis
204 2368 308 2427 aeger,
325 2367 361 2409 nc
377 2351 439 2429 quis
454 2357 623 2429 occupatus,
637 2367 674 2410 ne
692 2350 754 2428 quis
769 2348 892 2428 denique
906 2348 994 2427 longe
1011 2349 1130 2410 luisset:

81 2435 236 2495 adveniret
252 2436 393 2514 quisque,
421 2451 484 2493 cum
500 2433 606 2512 vellet,
632 2435 745 2495 veniret
765 2435 903 2513 quisque,
930 2453 996 2494 cum
1018 2443 1130 2513 posset.

125 2517 318 2598 Magnificum,
335 2516 457 2596 Caesar,
477 2527 507 2578 et
520 2528 598 2578 tunm
613 2517 846 2580 disiunctissimas
862 2528 953 2579 terras
967 2519 1131 2578 munificen-

126 2605 183 2663 tiae
201 2604 316 2680 ingenio
343 2601 423 2662 velot
449 2601 618 2680 admovere,
645 2603 829 2681 inmensaque
850 2602 942 2682 spatia
962 2601 1131 2662 liberalitate

128 2686 314 2766 contrahere,
339 2685 520 2748 intercedere·
542 2685 672 2764 casibus,
698 2703 852 2748 occursare
872 2685 1018 2764 fortunae,
1044 2694 1131 2762 atquc

127 2773 203 2831 omni
223 2788 280 2850 opc
301 2769 387 2831 adniti
406 2772 521 2850 nequis
543 2789 559 2831 e
584 2768 674 2849 plebe
688 2769 823 2830 'Romana
848 2769 931 2830 dante
958 2771 1130 2847 congiarium

74 2859 156 2916 bote
177 2855 319 2916 hominem
340 2873 373 2916 se
395 2857 484 2932 magis
506 2856 624 2917 sentiret
645 2854 735 2915 luisse
758 2871 841 2934 quam
864 2855 964 2914 civem.
1015 2847 1182 2913 neven-ao

124 2947 202 3000 tante
218 2941 354 3017 congiarii
376 2939 422 3000 die
440 2939 594 3001 obseruare
610 2940 746 3018 principis
763 2955 912 3016 egressum
932 2939 960 2998 in
974 2937 1131 3018 publicum,

124 3024 251 3084 insidere
270 3025 331 3083 rias
353 3025 481 3085 examina
504 3024 648 3084 infantium
671 3022 840 3102 futurosque
865 3022 988 3102 populos
1009 3021 1131 3082 solebat.

125 3107 218 3168 labor
229 3108 394 3187 parentibus
410 3117 471 3168 erat
486 3116 629 3169 ostentare
644 3106 779 3187 parvulos
797 3109 996 3187 inpositosque
1012 3106 1132 3166 cervici-

9 3211 14 3224 ·
124 3192 179 3252 bns
200 3191 341 3252 adulantia
355 3192 443 3252 verba
458 3190 633 3270 blandasque
647 3208 738 3253 voces
754 3191 896 3252 edocere:
917 3189 1074 3251 reddebant
1089 3187 1131 3248 illi

81 3285 116 3338 35
127 3293 201 3356 quae
219 3276 413 3337 monebantur.
449 3277 493 3337 Ac
510 3275 640 3355 plerique
654 3277 743 3337 inritis
757 3275 893 3355 precihus
914 3273 1012 3336 surdas
1027 3274 1131 3353 princi-

124 3362 171 3441 pis
186 3379 270 3421 aures
286 3360 505 3440 obstrepebant,
519 3362 665 3440 ignarique
682 3360 749 3439 qnid
761 3369 929 3438 rogassent,
946 3357 1012 3438 qnid
1023 3375 1079 3418 non
1090 3359 1131 3417 in·

125 3453 307 3525 petresseut,
329 3443 421 3522 donec
435 3443 520 3525 plane
535 3447 657 3523 scirent,
681 3444 891 3506 differebantur.
927 3442 970 3502 'lu
984 3461 1020 3502 ne
1035 3440 1130 3518 rogari

127 3528 242 3608 quidem
257 3529 427 3607 sustinuisti,
450 3535 479 3589 ct
493 3546 659 3608 quamquam
673 3529 857 3590 laetissimum
871 3526 962 3588 oculis
980 3526 1035 3588 tuis
1052 3532 1131 3584 esset
