2584 3972
170 256 211 320 68
596 257 628 318 O.
653 257 750 319 PLINI

171 417 238 486 eget
253 409 319 486 quid
336 427 467 470 sermone
479 411 570 487 patrio
588 411 747 489 exprimere
768 411 880 488 possis,
899 426 963 470 cum
982 410 1039 471 boc
1052 411 1175 472 insiticio

170 502 199 554 et
213 493 330 554 inducto
348 505 404 556 tam
421 493 569 573 praeclara
584 511 673 574 opera
690 493 860 572 perfeceris.
889 492 971 554 Vale.

639 625 704 687 llll.

377 725 405 776 G.
421 725 546 776 PLINIUS
564 725 653 777 SOSlO
671 723 836 776 SENECIONI
855 723 914 775 SUO
936 723 962 778 S.

150 835 164 886 1
233 824 402 886 Varisidium
418 824 561 905 Nepotem
575 824 750 886 validissime
766 823 872 901 diligo,
887 825 979 882 virum
993 823 1174 905 industrium,

168 918 290 986 rectum,
309 908 455 986 disertum,
473 910 550 988 quod
563 909 638 987 apud
651 926 698 968 me
711 906 760 968 rel
777 907 1007 985 potentissimum
1019 918 1074 971 est.
1095 907 1177 970 ldem

172 991 204 1052 G.
225 991 388 1071 Calvisium,
405 992 637 1055 contubernalem
650 1009 763 1068 meum,
779 992 899 1050 amioum
914 1001 1009 1069 tuum,
1032 1001 1092 1053 arta
1106 1010 1176 1071 pro·

144 1077 326 1154 apinquitate
343 1077 548 1156 conplectitur:
564 1087 609 1138 est
623 1079 697 1137 enim
712 1074 787 1137 lilius
801 1077 919 1136 sororis.
942 1073 1024 1136 lluuc
1039 1093 1112 1154 rogo
1128 1096 1176 1139 se·

170 1163 268 1220 mestri
289 1161 430 1222 tribunatu
446 1160 669 1239 splendidiorem
685 1169 716 1221 et
734 1160 788 1220 sibi
804 1168 834 1220 et
847 1157 988 1220 avumculo
1006 1178 1060 1221 suo
1074 1160 1219 1228 facias.1o

170 1242 318 1322 Obligabis
333 1263 396 1324 me,
420 1245 562 1324 obligabis
577 1243 732 1306 Calvisium
747 1252 892 1321 nostmm,
910 1242 1051 1321 obligabis
1067 1247 1174 1324 ipsum,

145 1335 226 1388 3non
242 1330 334 1390 minus
349 1329 481 1390 idoneum
496 1329 657 1391 debitorem
671 1345 754 1408 qnam
768 1345 821 1388 nos
836 1336 929 1406 putas.
962 1327 1051 1390 lllulta
1065 1329 1176 1390 bened·

169 1413 212 1471 cia
226 1414 255 1471 in
269 1413 373 1474 multos
397 1414 557 1475 contulisti:
579 1415 668 1474 ausim
690 1411 864 1472 contendere
887 1410 994 1471 nullum
1015 1421 1044 1472 te
1058 1411 1175 1492 melius,

168 1512 261 1573 aeque
277 1497 352 1557 bene
368 1515 452 1557 unum
469 1506 516 1558 ant
533 1496 652 1558 alterum
669 1495 847 1558 conlocasse.
878 1494 959 1556 Vale.

653 1632 689 1692 v·
1118 1679 1122 1688 ⁸
1147 1613 1150 1620 ’
1185 1601 1217 1653 15

457 1731 484 1780 G.
503 1730 628 1782 PLINIUS
646 1729 769 1780 SPARSO
786 1729 845 1781 SUO
861 1728 887 1780 S.

147 1837 161 1887 l
232 1831 397 1893 Aeschinen
408 1833 655 1913 aiuntpetentibus
662 1829 782 1896 Rhodiis
794 1833 903 1912 legisse
917 1836 1071 1895 orationem
1083 1850 1174 1910 suam,

145 1914 272 1975 adeinde
285 1915 500 1997 Demosthenis,
517 1918 631 1979 summis
642 1927 789 1998 utramque
804 1918 982 1980 clamoribus.
1015 1917 1099 1992 Quod
1113 1927 1175 1977 tan·

168 2008 262 2060 torum
280 2002 404 2061 virorum
425 2005 538 2081 scriptis
557 2003 713 2080 contigisse
732 2005 908 2080 ammiror,
932 2021 996 2064 cum
1015 2004 1218 2086 oran'onemao

167 2101 258 2145 rncam
275 2088 405 2163 proxime
425 2087 583 2148 doctissimi
602 2086 731 2147 homines
752 2087 809 2147 boo
826 2087 939 2165 studio,
963 2087 1020 2146 boo
1036 2086 1173 2164 adsensu,

166 2168 224 2228 boc
243 2171 326 2230 etiam
343 2168 443 2232 labore
458 2189 511 2251 per
528 2171 643 2232 biduum
661 2170 813 2248 audierint,
837 2172 963 2251 quamvis
986 2171 1175 2232 intentionem

171 2270 269 2312 corum
283 2253 360 2314 nulla
373 2255 439 2314 binc
453 2265 482 2314 et
499 2254 565 2315 inde
583 2253 715 2332 collatio,
739 2254 845 2335 nullum
868 2257 948 2334 quasi
966 2264 1110 2316 certamen
1126 2271 1175 2313 ac·

144 2334 318 2396 3cenderet.
362 2336 433 2397 Nam
460 2337 564 2398 Rhodii
585 2355 648 2397 cum
671 2337 743 2416 ipsis
764 2341 921 2399 orationum
943 2339 1093 2400 virtutibus
1116 2348 1176 2398 tum

135 2451 137 2455 ·
168 2421 252 2478 etiarn
274 2423 491 2499 comparationis
514 2420 622 2482 aculeis
644 2417 865 2501 excitabantur,¹
878 2432 975 2486 nostra
998 2425 1088 2484 oratio
1111 2424 1218 2489 cineas

167 2502 362 2564 aemulationis
376 2507 466 2582 gratia
480 2505 661 2583 probabatur.
683 2505 728 2564 An
744 2509 856 2585 merito,
876 2510 965 2587 scies,
982 2525 1046 2567 oum
1062 2506 1173 2584 legeris

166 2585 279 2662 librum,
298 2591 379 2648 cuius
393 2588 547 2667 amplitudo
565 2607 622 2649 non
636 2588 703 2648 sinit
718 2609 763 2651 me
779 2591 910 2670 longiore
922 2590 1045 2672 epistula
1059 2590 1173 2670 praelo-

143 2670 225 2749 4qui.
261 2670 384 2750 Oportet
403 2675 545 2735 animnos
569 2675 597 2733 in
616 2671 670 2732 bac
690 2683 770 2735 certe
785 2677 814 2734 in
830 2695 884 2755 qua
900 2693 1052 2755 possumus
1066 2676 1173 2736 breues

167 2772 251 2833 esse,
268 2773 326 2835 quo
342 2758 378 2817 sit
393 2759 554 2820 excusatius
577 2755 653 2837 qaod
669 2754 772 2817 librom
787 2761 896 2839 ipsum,
916 2779 973 2822 non
990 2770 1083 2822 tamen
1098 2758 1173 2820 ultra

167 2855 270 2900 causae
285 2840 498 2919 amplitudinem
512 2840 700 2903 extendimus.
732 2842 812 2903 Vale.
1182 2848 1217 2903 30

633 2973 682 3036 vt.

370 3063 371 3068 ¹
411 3072 439 3122 C.
455 3073 581 3125 PLINIUS
595 3074 683 3128 IULIO
702 3074 822 3126 NASONI
839 3075 942 3128 SUOS.

139 3180 155 3232 1
228 3168 315 3231 'l'usci
335 3171 471 3248 grandine
493 3175 627 3253 excussi,
650 3177 679 3238 in
699 3176 819 3253 regione
844 3175 1041 3254 Transpadana
1064 3194 1172 3237 summa

165 3250 331 3314 abundantia
352 3253 404 3315 sed
425 3272 477 3334 par
494 3257 587 3320 vilitas
607 3262 764 3322 nuntiatur:
782 3259 872 3322 solurn
892 3259 959 3320 mibi
972 3259 1216 3328 Laurentinumau

138 3345 258 3396 ameum
273 3339 300 3395 in
321 3338 424 3399 reditu.
456 3339 534 3401 Nibil
550 3343 664 3423 quidem
678 3345 717 3404 ibi
739 3345 876 3424 possideo
890 3353 1007 3424 praeter
1020 3353 1129 3406 tectum
1143 3356 1174 3407 et

163 3417 275 3480 bortum
289 3424 438 3503 statimque
449 3424 579 3505 barenas,
592 3427 684 3488 solum
696 3437 789 3489 tamen
800 3428 865 3488 mihi
876 3430 905 3488 in
915 3428 1017 3490 reditu.
1040 3427 1084 3488 lbi
1096 3433 1174 3490 enim

165 3501 315 3580 plurimum
330 3509 427 3570 scribo
444 3528 499 3571 nec
514 3529 632 3590 agrurn,
649 3531 733 3590 quern
747 3528 804 3572 non
819 3512 929 3591 babeo,
948 3513 1001 3574 sed
1015 3514 1110 3592 ipsum
1125 3532 1173 3575 me

1183 765 1200 815 5
