2580 3978
412 307 677 372 EPISTULARUM
693 309 716 371 l.
738 321 765 374 9.
780 321 824 376 10.
1100 312 1120 374 9

115 466 172 538 tus,
185 479 285 522 vorum
296 471 498 541 secretumque
508 471 678 545 μουσεῖον,
692 463 868 544 quammulta
880 463 1024 543 inuenitis,
1038 483 1121 543 quem

114 545 201 606 multa
215 545 343 608 dictatis!
365 546 487 607 Proinde
501 555 532 606 tu
547 565 663 632 quoque
681 551 831 626 strepitum
850 549 935 610 istum
950 551 1142 630 inanemquet

4 709 5 716 ἵ
115 631 276 691 discursum
291 639 321 691 et
337 629 455 692 multum
468 631 585 710 ineptos
600 630 733 711 labores,
749 642 780 693 ut
798 633 917 711 primum
932 632 1019 693 fuerit
1034 651 1118 694 occa·

115 716 178 791 sio,
194 713 325 792 relinque
340 724 427 794 teque
445 715 545 776 studiis
560 715 608 776 vel
628 719 687 778 otio
703 717 793 777 hade.
815 716 910 778 Satius
927 726 973 777 est
988 719 1073 795 enim,
1089 728 1144 786 ut8

93 797 220 858 ehtilius
235 807 335 860 noster
350 798 543 859 eruditissime
558 799 642 861 simul
661 809 690 861 et
701 800 877 862 facetissime
895 800 976 879 dixit,
995 803 1120 863 otiosum

115 899 183 942 esse
200 899 282 960 quam
297 881 366 942 nihil
380 899 479 960 agere.
509 882 592 944 Vale.

658 1023 685 1059 κ

319 1113 345 1168 (l.
365 1115 491 1167 PLINIUS
507 1020 790 1169 Auutdutumuuut
808 1114 869 1167 SUO
888 1115 915 1170 S.

76 1229 107 1281 lo
177 1217 209 1277 Si
227 1215 338 1294 quaudo
352 1217 421 1278 urbs
438 1228 536 1280 nostru
549 1218 717 1282 liberalibus
731 1218 832 1280 studiis
847 1217 954 1296 floruit,
971 1229 1142 1281 munemel

112 1301 190 1363 xime
212 1300 306 1361 deret.
339 1299 428 1360 llulta
443 1302 582 1382 ,claraque
602 1302 734 1382 exempla
755 1310 836 1370 sunt;
858 1302 1006 1362 sufficeret
1023 1313 1144 1380 unum,2

112 1383 276 1464 Euphrates
298 1384 500 1463 philosophus.
521 1385 603 1446 llunc
627 1405 685 1466 ego
706 1389 735 1446 in
755 1385 855 1462 Syria,
873 1402 937 1444 oum
951 1382 1120 1446 adulescen-

114 1467 193 1530 tulus
205 1467 365 1545 militarem,
384 1471 499 1548 penitus
516 1479 545 1531 et
560 1470 636 1531 domi
650 1471 763 1550 inspexi
777 1470 922 1548 annumque
939 1469 974 1529 ab
990 1485 1027 1529 eo
1041 1467 1119 1530 labo-

113 1554 186 1630 ravi,
201 1554 256 1614 etsi
271 1570 328 1613 non
345 1561 405 1613 eret
423 1552 616 1615 laborandum.
646 1555 700 1616 Est
717 1555 791 1615 enim
806 1553 907 1614 obrius
923 1562 953 1613 et
968 1554 1119 1632 expositus

74 1657 105 1710 15
114 1636 277 1716 plenusque
293 1636 465 1698 humanitate
481 1655 564 1717 quma
579 1641 732 1717 praecipit.
761 1638 858 1716 Atque
873 1638 979 1698 utinam
996 1639 1038 1698 sic
1053 1638 1143 1715 ipse3

115 1737 199 1799 qumn
214 1737 296 1799 spem
311 1729 378 1780 tunc
399 1719 449 1780 ille
467 1721 502 1782 de
516 1738 562 1782 me
577 1725 713 1801 concepit
731 1720 926 1800 impleverim,
941 1729 974 1780 ut
985 1720 1035 1781 ille
1049 1719 1119 1778 mul·

114 1813 174 1864 tum
188 1804 341 1865 virtutihus
361 1806 421 1865 suis
442 1804 562 1866 addidit!
588 1814 637 1866 aut
655 1823 712 1884 ego
731 1823 807 1865 nuno
827 1804 891 1866 illas
908 1804 1001 1883 magis
1020 1806 1119 1882 miror,

114 1890 183 1967 quia
199 1889 289 1967 magis
307 1887 457 1967 intellego.
494 1888 667 1969 Quamquam
683 1909 720 1950 ne
734 1907 809 1949 nuno
823 1888 938 1968 quidem
954 1890 1022 1950 satis
1038 1888 1125 1949 intel*

113 1972 194 2050 lego.
216 1971 254 2032 Ut
268 1973 342 2032 enim
356 1971 392 2032 de
409 1974 521 2051 pictore
533 1973 679 2054 scalptore
691 1975 791 2034 lictore
802 1975 857 2034 nisi
868 1973 970 2034 artilex
980 1973 1145 2050 iudicaret

72 2059 154 2125 soita
169 2057 227 2117 nisi
250 2057 366 2134 sapiens
388 2073 444 2117 non
467 2067 564 2135 potest
584 2060 755 2137 perspicere
775 2058 943 2136 sapientem.
976 2054 1142 2128 Quantum5

115 2149 210 2202 tamen
226 2140 293 2200 mihi
317 2156 435 2200 cernere
456 2139 554 2219 datur,
575 2140 662 2202 multa
685 2143 714 2200 in
728 2139 874 2219 Euphrate
895 2141 939 2200 sio
955 2142 1078 2200 eminent
1092 2149 1121 2200 et

114 2224 233 2284 elucent
255 2233 286 2284 ut
306 2223 489 2285 mediocriter
504 2243 619 2304 quoque
640 2225 743 2286 doctos
764 2225 910 2286 advertant
930 2233 960 2284 et
979 2222 1120 2284 adliciant.

112 2308 251 2387 Disputat
276 2307 419 2369 subtiliter
444 2312 569 2386 grauiter
592 2319 707 2386 ornate,
733 2309 900 2387 frequenter
921 2310 1005 2368 etiam
1027 2307 1120 2369 Plato·

112 2395 206 2453 nicam
220 2390 297 2452 illam
311 2390 515 2454 sublimitatem
526 2403 555 2454 et
567 2393 743 2455 latitudinem
756 2393 877 2472 eihngit.
900 2392 1002 2453 Sermo
1014 2402 1060 2453 est
1072 2409 1120 2452 eo·

71 2478 216 2555 aspiosns
233 2485 263 2536 et
277 2477 383 2554 varius,
406 2475 500 2538 duleis
522 2478 550 2537 in
565 2479 676 2556 primis,
691 2487 721 2539 et
741 2479 789 2557 qui
804 2479 989 2555 repugnantis
1004 2494 1121 2556 quoque

113 2560 201 2621 ducat
220 2558 347 2638 inpellat.
372 2559 419 2620 hd
433 2559 489 2620 hoc
501 2565 661 2639 proceritas
677 2563 819 2641 corporis,
837 2560 1052 2639 decorataeies,
1069 2560 1143 2625 de·6

112 2647 221 2706 missus
242 2642 382 2722 capillus,
408 2645 510 2722 ingens
531 2655 561 2706 et
578 2663 646 2706 cana
658 2646 758 2715 barha;
784 2663 857 2724 qnae
874 2644 944 2704 licet
960 2645 1075 2704 fortuita
1091 2653 1121 2704 et

50 2734 53 2740 '
112 2729 209 2789 inania
233 2737 383 2805 putentur,
404 2727 446 2788 illi
469 2738 561 2789 tamen
583 2728 733 2808 plurimum
749 2730 943 2789 venerationis
958 2728 1119 2806 adquirunt.

112 2811 218 2874 Nullus
234 2809 336 2873 horror
354 2810 497 2890 incultu,
519 2811 596 2872 nulla
611 2814 735 2891 tristitia,
750 2811 868 2872 multum
883 2812 1060 2872 severitatis:
1076 2819 1143 2876 re·l

71 2895 243 2962 eovereeris
266 2913 434 2971 occursuro,
454 2913 511 2956 non
530 2896 712 2958 reformides.
740 2896 824 2956 Vitae
845 2897 979 2957 sanctitas
1001 2913 1119 2974 summa,

113 2980 235 3043 comitas
253 2997 319 3059 per:
341 2981 498 3041 insectatur
512 2982 598 3059 vitia,
618 2996 676 3041 non
695 2981 842 3058 homines,
863 2998 919 3039 neo
940 2981 1061 3058 castigat
1076 2997 1119 3039 er·

112 3073 211 3126 rantes
230 3062 283 3126 sed
298 3063 439 3125 emendat.
470 3063 605 3143 Sequaris
626 3074 789 3126 monentem
805 3073 929 3125 attentus
945 3072 974 3124 et
992 3064 1121 3141 pendens

113 3157 144 3210 et
162 3147 331 3227 persuaderi
348 3148 416 3226 tihi,
439 3149 524 3208 etiam
539 3167 603 3209 oum
618 3151 809 3228 persuaserit,
833 3149 943 3226 cupias.
973 3146 1031 3207 lam
1047 3159 1143 3212 uer08

112 3231 201 3294 liberi
221 3241 297 3309 tres,
321 3231 378 3292 duo
399 3249 510 3310 mares,
538 3249 611 3311 quos
626 3232 847 3310 diligentissime
864 3231 996 3293 instituit.
1030 3231 1122 3291 Socer

72 3315 270 3395 ttl'ompeius
285 3314 429 3394 lulianus,
453 3333 517 3376 cum
539 3317 708 3378 cetera'vita
723 3326 782 3377 turn
797 3315 846 3376 vel
860 3315 917 3376 hoc
931 3332 987 3375 uno
1001 3333 1121 3394 magnus

113 3409 145 3462 et
161 3398 268 3477 clatus,
284 3398 362 3480 quod
377 3402 442 3478 ipse
458 3401 624 3479 provinciae
636 3402 784 3478 princeps,
800 3401 876 3460 inter
890 3399 1041 3460 altissimas
1054 3417 1122 3459 oon-

113 3484 250 3562 ditiones,
268 3501 407 3562 generum
418 3501 475 3544 non
490 3483 649 3546 honoribus
664 3485 825 3563 principem
838 3483 891 3544 sed
907 3485 1046 3561 sapientia
1060 3482 1120 3542 ele*

113 3569 168 3646 git.
189 3566 365 3648 Quamquam
378 3568 446 3648 quid
458 3585 515 3647 ego
526 3567 607 3647 plura
618 3568 654 3629 de
664 3569 727 3628 viro
742 3584 800 3646 quo
812 3565 879 3627 mihi
893 3566 948 3626 frui
959 3583 1016 3625 non
1030 3563 1144 3628 lieet‘ltt
