2580 3970
179 247 241 316 268
627 245 659 307 G.
681 245 778 307 PLlNl

179 399 281 462 eadem
302 400 460 479 frequentia
481 398 639 479 eademque
662 398 711 458 illa
730 399 874 462 socialitas
893 395 1031 460 interest?
1060 415 1117 459 non
1134 397 1190 460 tihi

179 501 295 562 semper
315 485 345 543 in
361 485 455 546 medio
475 484 556 544 cibus
570 500 744 562 semperque
756 500 854 544 mensa
869 479 1044 542 communis?
1076 498 1133 542 non
1149 501 1191 543 ex

182 569 316 628 conuictu
333 576 431 628 nostro
446 577 540 628 mutua
555 563 709 647 uoluptas?
729 583 786 626 non
796 583 938 645 provocas
951 565 1107 645 reddisqne
1122 585 1189 628 ser·
1272 581 1273 644 p

180 647 302 712 moues?
324 665 379 710 non
397 652 489 730 ipsum
510 659 622 734 tempus
640 647 785 729 epularum
804 658 928 726 tuncrum,
948 667 1017 710 cum
1036 649 1189 728 imgslitns

181 734 342 812 commulat,
368 733 496 796 extendit
517 730 694 795 humanitas?
721 731 786 793 Non
800 735 876 792 enim
890 742 956 793 ante
973 732 1095 793 medium
1110 733 1214 796 diemo
1272 685 1273 776 l

181 818 328 885 distentus,
340 816 467 879 solitario
489 833 560 878 ceno
581 826 728 897 spectator
749 816 954 895 adnotaturque
973 817 1104 877 convivis
1127 819 1188 878 tuis

179 903 317 978 immines,
338 920 394 964 nec
414 903 516 962 ieiunis
532 909 561 962 ct
577 901 706 962 inanibus
722 898 826 978 plenus
840 901 905 980 ipse
926 908 957 960 ct
972 905 1104 975 ructans,
1126 917 1188 960 nnn

180 995 236 1046 tam
250 984 371 1063 adponis
387 1002 470 1063 quum
484 985 575 1044 obicis
592 985 673 1045 cibos
689 1001 761 1062 quos
779 983 945 1061 dedigneris
958 985 1114 1062 attingere,
1136 1001 1187 1044 ae·

121 1135 124 1138 ,
179 1086 292 1147 greque
303 1085 461 1146 perpessus
471 1067 626 1146 superbam
637 1067 714 1128 illam
727 1069 874 1128 conuictus
888 1065 1108 1144 simulationem,
1122 1085 1188 1127 rnr-

180 1165 229 1212 sus
240 1161 269 1212 to
280 1150 315 1214 ad
327 1150 528 1214 clandestinum
538 1169 657 1228 geneum
666 1147 868 1230 occultumque
879 1149 976 1211 luxum
984 1151 1089 1212 refers.
1104 1149 1187 1229 llrgn
1197 1158 1225 1210 lt

179 1252 237 1294 non
256 1251 351 1294 nurum
372 1253 428 1296 nec
444 1244 592 1314 argentum
612 1252 668 1296 nec
686 1235 828 1313 exquisito
848 1236 962 1312 ingenia
979 1251 1112 1294 cenarum
1132 1235 1188 1295 sed

180 1320 347 1380 suavitatem
361 1328 436 1379 tuam
451 1318 709 1396 iucunditatemque
719 1319 866 1395 miramur,
889 1320 992 1397 quibus
1007 1317 1084 1378 nullu
1097 1321 1188 1379 satie·

179 1411 227 1462 tas
244 1401 343 1480 adest,
364 1403 479 1481 quande
498 1404 612 1464 nucero
632 1402 725 1462 omnia
744 1411 774 1462 et
787 1418 855 1462 vern
874 1412 906 1463 et
923 1411 1018 1462 ornate
1033 1404 1187 1480 memte.

179 1483 281 1564 Neque
303 1488 376 1547 enim
398 1495 446 1546 aut
465 1488 637 1566 peregrinae
656 1487 874 1564 superstitionis
889 1487 1042 1546 ministeria
1064 1494 1116 1545 aut.
1132 1486 1187 1546 ob·

180 1569 953 1714 ttltillullintinniittitulnil
967 1570 1225 1732 liiiilrl'iffi

181 1737 278 1797 brevis
294 1752 410 1796 somnus
422 1734 588 1816 nullumque
602 1752 698 1797 amore
712 1739 802 1798 nostri
813 1747 927 1815 tempus
938 1738 1087 1815 angustius
1103 1755 1187 1816 mam

181 1818 333 1898 quodsine
348 1820 431 1880 nobis
445 1821 515 1897 agis.

129 1901 170 1965 50
246 1903 304 1964 Sed
321 1921 384 1964 cum
398 1903 485 1964 rebus
499 1904 554 1964 tuis
569 1911 600 1964 ut
614 1904 768 1984 participes
785 1904 978 1982 perfruamur,
1000 1922 1073 1982 quae
1095 1905 1183 1966 habe·
1272 1899 1273 1904 ’

179 2004 241 2048 mus
256 1988 312 2066 ipsi
327 2005 411 2066 quam
426 1988 558 2067 propria,
574 2005 657 2066 qnam
670 1997 766 2048 nostre
783 1986 861 2048 sunt!
881 1985 947 2048 Non
964 1988 1038 2048 enim
1049 1990 1225 2050 emetha-no

179 2073 215 2131 tis
230 2070 372 2150 prioribus
387 2071 507 2132 dominis
523 2073 612 2132 'omne
633 2079 778 2148 stagneum,
805 2088 917 2131 omnem
936 2069 1044 2148 lacum,
1070 2089 1185 2133 omnem

179 2156 263 2214 etiem
274 2155 376 2216 saltum
390 2157 515 2216 inmensa
529 2156 717 2235 possessione
730 2156 937 2230 circumvenis,
952 2172 1008 2214 nec
1018 2157 1102 2217 unius
1114 2169 1183 2216 ocn-

178 2236 213 2298 lis
229 2237 340 2298 dumina
353 2239 448 2300 fontes
462 2241 548 2298 muria
564 2237 737 2318 desfflimt.
759 2237 813 2299 llst
828 2238 904 2318 qnod
916 2235 1022 2298 Caesar
1032 2256 1091 2299 non
1102 2255 1200 2301 suum-

178 2321 290 2398 videat‚
317 2321 486 2402 tandemque
505 2323 652 2400 imperium
667 2323 803 2401 principis
818 2339 900 2400 qnam
914 2322 1112 2400 patrimonium
1125 2341 1184 2384 rna·

130 2425 133 2432 ⁴
178 2405 223 2464 ius
240 2412 296 2464 est.
329 2403 418 2466 Multa
438 2407 512 2466 enim
528 2423 565 2464 ex
581 2406 747 2481 patrimonio
765 2405 855 2466 refert
871 2406 899 2464 in
913 2406 1078 2484 imperium,
1107 2421 1223 2485 quaene

179 2488 291 2566 priores
305 2487 452 2567 principes
467 2487 661 2566 occupabant,
688 2504 744 2548 non
758 2497 789 2548 ut
803 2490 858 2568 ipsi
872 2489 1048 2564 fruerentur,
1075 2489 1130 2550 sed
1145 2511 1183 2554 ne

179 2572 243 2650 qnia
257 2570 338 2632 alius.
360 2569 439 2649 Ergo
453 2573 481 2631 in
492 2571 615 2648 vestigio
628 2570 772 2650 sedesque
782 2571 920 2632 nobilium
933 2574 1082 2650 inmimnnt
1096 2591 1183 2654 peres

179 2655 299 2733 domini,
320 2673 375 2716 nec
389 2656 443 2716 inm
459 2654 676 2716 clarissimorum
689 2657 814 2716 virorum
827 2655 1010 2733 receptncule
1023 2656 1183 2720 habitatore

179 2756 265 2800 servo
285 2748 413 2800 teruntur
431 2748 480 2800 aut
498 2738 583 2800 foeda
598 2741 730 2800 vmtitnte
743 2738 940 2817 procumbunt.
974 2739 1064 2801 Detur
1077 2742 1183 2803 intueri
1272 2801 1273 2812 ,

179 2821 382 2900 pulcherrimas
403 2822 490 2884 aedes
512 2822 629 2884 deterso
644 2825 701 2883 situ
716 2831 813 2884 suctus
827 2840 861 2884 uc
875 2825 1016 2900 vigentes.
1048 2822 1222 2902 lingnumso
1272 2853 1273 2900 ι

178 2906 235 2966 hoc
249 2915 327 2965 tuum
343 2923 399 2966 non
413 2924 482 2984 erge
492 2904 621 2966 homines
634 2906 719 2966 modo
731 2905 784 2968 sed
796 2923 865 2984 erga
874 2914 951 2968 tecte
965 2909 1028 2986 ipsa
1038 2909 1182 2985 meritum,
1272 2925 1273 2998 p

179 2990 283 3050 sistere
297 2989 408 3064 ruinas,
425 2988 604 3050 solitudinem
619 2989 748 3067 pellere,
763 2990 887 3067 ingentio
903 3008 992 3070 opere
1004 2991 1108 3052 eodem
1125 3010 1184 3070 qno
1272 3017 1273 3080 p

180 3080 309 3134 extructo
324 3080 389 3132 sunt
402 3074 493 3132 animo
505 3073 541 3133 ab
556 3073 671 3134 interitu
684 3073 838 3134 vindicare.
869 3072 946 3136 liuta
964 3073 1077 3153 quidem
1089 3074 1140 3136 illa
1155 3082 1185 3136 et

178 3157 268 3217 anima
281 3157 422 3232 cerentio,
443 3157 550 3217 sentire
565 3164 658 3216 temen
671 3165 701 3217 et
715 3154 813 3219 laetari
827 3157 959 3218 ridentur
972 3157 1050 3236 quod
1062 3160 1182 3235 niteant,

180 3239 256 3318 quod
271 3239 497 3318 frequententur,
512 3239 589 3319 qnod
601 3238 751 3317 aliquando
767 3243 916 3318 coeperint
929 3259 997 3302 esse
1008 3240 1112 3302 domini
1127 3243 1222 3305 soi-nn
1272 3285 1273 3288 κ

180 3324 263 3384 entis.
296 3321 501 3385 circumfertur
517 3324 571 3384 suls
585 3327 698 3384 nomine
714 3321 845 3386 Caesaris
860 3323 955 3384 tabule
970 3325 1073 3402 ingens
1085 3341 1184 3385 rernm

178 3405 333 3477 renalium
357 3424 413 3486 quo
427 3408 459 3468 iit
478 3406 644 3470 detestanda
657 3408 773 3468 avaritia
788 3406 864 3468 illius
880 3409 928 3486 qui
943 3416 1000 3468 tem
1011 3407 1098 3469 multe
1113 3425 1184 3468 con·

180 3490 365 3573 cupiscebat‚
383 3507 447 3551 cum
460 3490 579 3552 haberet
593 3507 772 3572 supervacua
787 3499 842 3552 tem
857 3489 951 3550 multa.
972 3489 1043 3551 Tum
1058 3491 1184 3555 exitialis
1272 3469 1273 3506 ¹
