2580 3978
391 251 394 259 '
474 269 710 321 rusurxuro.
1110 281 1130 320 v

58 431 110 490 dine
121 429 225 493 amisso,
242 428 383 498 praesertim
401 440 457 482 cnm
470 426 494 481 iu
505 427 631 497 scripturis
641 426 753 481 codicum
763 427 894 482 referendis
905 427 1034 482 admodum
1045 427 1129 498 negle-

58 520 159 569 rcntem
170 527 224 568 esse
236 511 345 568 Gortium
356 509 539 575 intellexissem,
562 512 723 582 praecipuam,
732 509 804 565 15155
820 511 901 580 stirpis
910 511 1056 566 'memoriam
1066 510 1129 566 llar-

60 599 143 664 riano,
159 610 231 668 quem
242 595 406 652 Florentinum
417 594 480 660 dico,
493 594 612 650 contineri
623 593 697 650 uolui.
720 609 777 649 nam
790 595 831 665 qui
842 600 966 664 practerea
976 601 1060 649 extant
1069 609 1128 649 555-

59 680 279 752 tumepistularum
292 678 400 743 codices,
422 678 536 733 11515555
547 678 580 733 115
591 677 722 748 comparati
732 683 789 733 sunt
800 678 896 733 5151155
910 678 1032 749 quosipse
1044 677 1093 732 uidi
1104 685 1128 732 51
1165 739 1169 746 ,
1278 673 1279 680 ’

57 763 193 820 examinavi
203 777 234 818 ex
243 763 380 818 Florentino
392 763 479 818 155155
489 776 542 816 esse
561 761 686 816 adfirmare
696 761 799 831 possim,
825 761 865 816 alii
876 776 979 832 quorum
996 762 1127 832 scripturae

58 849 87 903 ab
94 846 228 904 editoribus
238 846 357 902 exhibitae
367 848 425 901 sunt
433 846 526 901 nullum
535 845 703 916 praeter‘bunc
708 846 788 916 ipsum
800 859 872 899 nsum
882 845 993 900 babeant.
1014 852 1071 901 sunt
1085 861 1127 900 au·

58 939 107 986 tem
117 946 181 1004 qnos
190 929 241 1000 ipse
248 930 297 985 uidi
307 929 340 993 11,
352 928 613 1001 BemensisBongarsii
624 928 772 987 1116515511.
787 930 875 984 45555.
887 928 1048 994 lllLParisiui
1054 928 1127 1002 Regii

60 1017 130 1071 8558
143 1015 236 1068 memb.
247 1013 291 1069 lol.
302 1028 367 1068 5555.
380 1013 443 1078 XIV,
454 1013 613 1070 8561151551.
626 1012 746 1068 1515555.
758 1012 810 1078 XV,
826 1013 895 1070 8607
910 1012 986 1068 chart
1002 1013 1046 1068 151.
1061 1029 1126 1067 5555.

60 1097 109 1162 1111,
126 1097 235 1152 Vaticani
246 1097 314 1154 1777
324 1097 368 1153 151.
380 1112 444 1152 5555
455 1096 499 1152 xv
508 1103 534 1151 et
543 1099 613 1155 1778
623 1097 714 1151 memb.
725 1102 743 1152 4
753 1112 818 1152 saec.
830 1095 891 1161 11111,
909 1097 1060 1152 Laurentiani
1073 1097 1127 1166 plu-

60 1182 94 1236 tei
104 1181 198 1246 1111111,
211 1183 247 1239 37
258 1181 373 1237 5555114
383 1195 448 1236 saec.
460 1179 504 1235 xv
514 1186 539 1235 et
549 1183 585 1238 34
593 1181 684 1235 memb.
696 1184 780 1238 45555
788 1179 841 1237 XV.
855 1181 966 1253 equibus
975 1180 997 1236 15
1007 1195 1079 1253 quem
1089 1181 1127 1235 ul-

59 1267 120 1320 timo
137 1265 193 1320 loco
203 1265 274 1334 posui
284 1265 389 1336 reliquos
399 1261 489 1331 libros,
502 1270 587 1319 octavo
601 1270 682 1318 tamen
693 1265 790 1332 omisso,
803 1265 848 1320 alia
857 1279 930 1319 manu
941 1264 1034 1320 additos
1044 1263 1119 1323 habet

123 1349 203 1420 11555
213 1349 274 1403 1555
284 1347 315 1403 15
325 1355 423 1403 centum
434 1346 590 1418 epistularum
601 1347 740 1417 exemplari.
774 1348 839 1420 5551
858 1349 934 1420 longo
945 1348 1061 1418 temporis
1071 1363 1126 1417 spa-

59 1433 96 1488 tio
106 1432 247 1502 interposito
259 1438 315 1486 octo
321 1430 437 1487 librorum
447 1431 584 1502 exemplum
590 1431 693 1502 excepit,
705 1433 774 1487 cuius
784 1431 849 1486 nulla
859 1431 1047 1488 extatmemoria
1057 1446 1127 1502 prae-

59 1525 97 1572 ter
108 1515 206 1571 codices
215 1515 312 1570 5555515
326 1515 409 1587 quinto
421 1515 515 1571 decimo
525 1515 551 1570 in
564 1515 633 1570 ltalia
643 1515 754 1586 scriptos.
776 1524 801 1570 et
816 1530 847 1570 ex
862 1515 901 1570 luis
911 1515 1007 1586 quidem
1018 1515 1127 1570 omnium

60 1600 90 1655 de
100 1614 204 1672 quorum
215 1605 294 1654 551515
303 1605 370 1654 certo
385 1603 480 1654 constat
490 1599 669 1670 antiquissimus
680 1606 716 1654 est
728 1599 806 1655 codex
818 1598 923 1654 drclrivii
933 1597 1063 1654 (1555155115
1073 1601 1126 1656 332

60 1683 257 1738 membranaceus
271 1681 325 1750 151,
341 1685 486 1740 55551428
502 1682 532 1737 51
549 1683 653 1739 1515515
664 1683 733 1738 Marii
742 1681 791 1737 tilio
803 1681 1058 1753 llorentiaescriptus.
1078 1698 1126 1754 quo

60 1767 87 1822 11
98 1775 125 1822 51
136 1767 220 1836 primis
230 1765 319 1821 saeculi
329 1766 406 1837 quinti
417 1764 505 1821 decimi
517 1766 585 1820 55515
594 1765 682 1822 bouum
697 1766 814 1822 librorum
825 1765 972 1838 archetypon
982 1765 1091 1822 uideatur
1101 1767 1126 1820 in

60 1850 154 1905 ltaliam
163 1849 269 1905 51151515
282 1865 349 1904 esse:
360 1863 422 1921 5555
433 1849 520 1921 quibus
530 1849 654 1905 codicibus
662 1865 706 1920 per
715 1850 844 1904 maximam
853 1849 925 1904 huius
937 1849 1125 1920 saeculipartem

60 1949 103 1988 usa
114 1940 164 1999 551,
190 1933 208 1988 ii
224 1939 266 1988 aut
277 1948 308 1988 ex
323 1933 365 1988 illo
377 1939 433 1988 octo
443 1933 559 1989 librorum
568 1939 610 1988 aut
621 1947 652 1989 ex
661 1932 798 1988 1155551155
810 1941 907 1988 centum
918 1933 1073 2004 epistularum
1084 1949 1126 1988 cn·

61 2019 115 2072 1155
128 2017 270 2072 1551151151.
290 2015 497 2072 sednouiciiocto
505 2016 622 2072 libtorum
633 2017 729 2072 codices
739 2024 823 2072 extant
833 2017 959 2087 permulti,
978 2017 1126 2088 omnesqui-

60 2101 126 2167 dem,
138 2100 188 2155 sive
200 2101 281 2171 ipsum
293 2098 439 2172 archetypon
448 2099 518 2156 valde
528 2105 669 2170 corruptum
678 2100 725 2154 luit
740 2101 790 2154 siue
800 2100 963 2172 neglegenter
974 2099 1004 2154 ab
1013 2101 1125 2168 imperito

59 2183 157 2240 librario
167 2199 240 2256 quem
249 2183 334 2255 reliqui
343 2183 504 2256 sequebantur
513 2197 661 2254 expressum,
672 2183 776 2252 pessime
787 2184 878 2253 scripti,
890 2183 1126 2238 ceterumoommnui

61 2269 163 2341 originis
173 2267 270 2324 1155515
281 2267 315 2322 115
324 2268 387 2322 inter
397 2283 424 2322 se
437 2268 493 2322 nexi
503 2273 532 2323 ut
547 2267 593 2322 nisi
601 2265 757 2337 librariourm
762 2267 882 2322 erroribus
892 2272 917 2322 et
927 2266 1126 2337 interpolatorum

60 2352 234 2408 mutationibus
242 2366 292 2406 non
301 2351 432 2407 discedant.
461 2365 518 2426 nam
527 2358 694 2423 praeterquam
704 2351 769 2422 5551
781 2352 822 2406 alii
833 2351 884 2406 aliis
896 2351 1016 2406 erroribus
1027 2366 1126 2420 corrup-

61 2445 112 2492 tum
124 2435 262 2506 exemplum
272 2435 426 2506 repetebant,
441 2436 518 2491 multa
531 2437 556 2490 in
566 2435 649 2506 primis
658 2434 726 2490 libris
736 2451 751 2490 e
761 2442 859 2490 centum
870 2429 1026 2505 epistularum
1035 2435 1126 2490 codici·

60 2519 105 2576 155
115 2521 218 2584 inuecta,
227 2519 341 2574 nonnulla
350 2519 464 2576 Italorum
473 2519 616 2576 5551551515
621 2525 708 2574 comta
717 2524 782 2576 5551
802 2533 882 2590 neque
892 2535 923 2574 cx
932 2519 979 2574 5115
990 2519 1057 2574 15515
1068 2517 1126 2573 155-

61 2611 99 2660 155
109 2618 165 2659 esse
175 2601 779 2674 515155551155551155515555151511117113]
795 2605 878 2668 5131,
897 2593 1126 2674 551555155111515

61 2687 190 2758 dispositas
200 2687 315 2756 epistulas
324 2685 444 2751 exhibent,
455 2693 497 2742 aut
506 2685 690 2742 Ambrosianum
698 2686 728 2741 H.
736 2688 777 2752 54,
788 2687 813 2741 15
824 2703 872 2759 qno
882 2686 1001 2757 posterior
1011 2684 1125 2756 epistula·

61 2787 117 2826 rum
130 2785 185 2840 pars
194 2770 251 2825 1515
261 2769 291 2825 51
302 2778 385 2826 octava
395 2770 473 2841 551511
487 2769 542 2825 libri
555 2769 657 2840 epistula
670 2769 759 2841 scripta
772 2776 817 2825 551.
846 2785 861 2824 5
877 2769 963 2841 qulbus
973 2768 1125 2824 Lamentlani

61 2855 166 2924 priorem
172 2853 328 2924 epistularum
333 2858 427 2925 partem
436 2852 608 2908 exllorentino
618 2852 716 2908 ductam
726 2853 823 2919 babent,
835 2853 860 2907 in
869 2851 968 2924 reliquis
978 2852 1062 2907 ordine
1071 2866 1125 2906 mu·

63 2945 121 3002 1515,
136 2937 161 2992 11
172 2937 238 3009 qnod
248 2953 297 2993 555
308 2953 362 2992 raro
372 2936 446 2992 iubis
457 2937 525 2992 libris
538 2937 630 2992 lantum
640 2942 685 3000 est,
697 2951 728 2991 ex
738 2941 794 2991 octo
805 2935 921 2992 librorum
932 2936 1055 2990 codicibus
1065 2950 1125 3005 pen·

63 3021 134 3086 dant;
153 3019 325 3078 Ambrosianus
334 3027 415 3076 autem
424 3026 453 3076 ut
462 3020 487 3075 in
497 3020 546 3076 tine
555 3019 756 3091 subscriptionem
766 3019 845 3075 octavi
855 3018 911 3075 libri
920 3018 1001 3084 15151,
1015 3019 1048 3074 115
1058 3025 1125 3074 totus

61 3103 124 3160 hanc
132 3110 226 3160 sectam
235 3104 351 3176 sequitu.
367 3119 398 3160 ex
406 3104 445 3160 his
454 3104 623 3176 igiturltalicis
632 3103 764 3168 codicibus,
776 3118 832 3158 cum
842 3103 883 3158 alii
892 3102 923 3158 ab
934 3102 987 3158 51115
995 3102 1125 3159 editoribus

52 3187 85 3244 ‚in
102 3187 221 3244 auxilinm
237 3188 394 3254 5555115151,
415 3189 467 3259 ipse
483 3188 548 3259 elegi
557 3186 716 3243 Dresdensem
726 3185 758 3243 ll.
768 3191 819 3244 166
828 3187 1037 3242 membranaceum
1047 3186 1123 3242 torma

11 3319 12 3322 ,
63 3272 176 3342 quadrua
185 3271 294 3338 minore,
310 3271 351 3344 qui
367 3272 413 3328 fuit
423 3272 482 3328 olim
492 3270 590 3342 Cmpari
600 3270 700 3326 Barthii.
734 3270 802 3326 cuins
817 3269 873 3326 libri
889 3271 1078 3341 scripturatum
1098 3269 1124 3323 in

63 3356 140 3424 priore
149 3355 307 3426 epistularum
314 3361 383 3426 parte
393 3355 439 3410 5115
448 3370 522 3410 mauu
532 3355 563 3410 15
574 3355 684 3426 exemplo
694 3359 792 3410 centum
801 3354 958 3425 epistularum
969 3360 1076 3409 correcta
1086 3367 1124 3406 es·

64 3447 110 3506 tet,
129 3441 165 3495 ita
174 3445 257 3494 tamen
266 3445 295 3494 ut
307 3438 364 3512 5511
379 3445 449 3494 55155
458 3429 575 3508 scriptum
585 3437 672 3493 luisset
681 3437 823 3511 plerumque
834 3437 950 3510 cognosci
960 3443 1057 3506 posset,
1069 3449 1115 3489 cor*

64 3530 155 3580 rectore
166 3522 281 3596 neglecto
292 3523 460 3594 solemprioris
469 3521 560 3578 librarii
569 3523 763 3579 munumcuraui.
777 3522 867 3577 ordinis
877 3527 958 3576 autem
968 3517 1123 3589 epistulaurm
