2580 3978
426 281 688 346 EPISTULARUM
702 283 753 344 111.
771 294 798 346 2.
813 293 838 346 3.
1092 283 1133 348 45

130 437 209 518 plora
225 447 270 498 est
289 435 365 497 idem
385 435 539 515 Spurinna:
562 455 626 499 nam
646 437 696 498 ille
716 455 851 517 quoque,
871 437 966 516 quoad
984 437 1135 502 honesturn

129 524 200 602 fuit,
215 522 286 582 obiit
301 520 412 598 officia,
429 521 521 598 gessit
535 523 731 600 napisuatns,
746 522 908 602 provincias
923 522 1013 600 rexit,
1032 521 1134 584 multo·

127 625 188 686 que
202 604 302 666 lohere
316 604 373 665 hoe
388 607 474 665 otium
484 608 596 666 meruit.
617 605 707 684 igitur
716 605 838 668 madero
849 605 915 668 mihi
927 623 1051 685 cursam,
1066 625 1134 668 eun·
1144 611 1177 665 li

131 691 200 751 dern-
213 691 361 750 remanum
375 697 482 767 statuo,
496 688 583 769 idque
597 692 652 750 iam
665 709 740 752 nunc
756 689 831 770 apud
845 700 874 754 te
886 689 1037 769 subsigno,
1053 700 1095 769 at,
1110 693 1135 754 si

103 785 177 837 orne
194 773 309 852 longius
324 773 407 834 evehi
418 773 535 852 videris,
547 777 576 834 in
589 776 634 835 ius
648 791 738 835 voces
750 775 788 836 ad
798 774 870 837 hano
881 773 1033 854 epistulam
1045 791 1135 838 meam

126 867 160 919 et
176 859 329 937 quiescere
343 857 456 936 iubeas,
475 875 538 918 eum
555 859 673 921 inertim
688 860 794 921 crimen
810 859 953 938 effugere.
984 857 1067 920 Vale.

88 1199 120 1254 lo
411 1141 438 1200 (i.
458 1142 584 1195 PLINIUS
600 1042 733 1195 bithIMO
751 1141 810 1196 SUO
829 1141 856 1196 S.

194 1263 280 1338 Quod
293 1267 358 1346 ipse
378 1267 476 1328 amicis
495 1268 552 1328 tuis
569 1265 755 1343 obtulissem,
777 1265 803 1326 si
822 1265 889 1326 mibi
906 1264 1007 1325 eadem
1021 1268 1161 1330 material

10 1341 11 1354 Ν
125 1349 987 1515 emendicaticiis?cottidie.
1000 1348 1161 1498 Adii?

125 1517 314 1580 securitatibus
325 1518 446 1597 loquor,
462 1537 536 1598 quae
548 1518 590 1580 illi
602 1519 682 1596 large
694 1527 865 1598 supersunt,
879 1517 934 1580 sed
945 1518 981 1579 de
994 1480 1134 1597 hastitate,

86 1616 120 1669 15
129 1604 255 1681 institia,
270 1605 426 1681 gnaritate,
441 1603 598 1682 prudentia.
632 1602 721 1664 Huius
743 1619 800 1680 ego
821 1601 942 1674 consiliu
955 1603 984 1662 in
999 1605 1162 1683 negotiis,3

127 1686 236 1750 iudicio
253 1688 281 1747 in
298 1688 398 1749 studiis
411 1697 490 1748 utor:
510 1705 573 1748 narn
585 1687 734 1766 piurimum
750 1687 823 1765 oue,
844 1686 993 1766 plurimum
1003 1689 1135 1765 veritate,

127 1771 282 1852 plurimum
295 1770 490 1850 intellegentia
504 1780 640 1851 praestat.
659 1771 811 1849 Amatme,
823 1769 890 1832 nihil
904 1788 1022 1850 possum
1035 1770 1161 1834 arden-4

126 1858 187 1917 tius
203 1853 312 1932 dicere,
328 1865 358 1915 ut
376 1865 414 1916 tu
434 1853 521 1918 Caret
535 1856 654 1918 arabica:
673 1855 739 1916 ideo
756 1874 789 1917 se
806 1857 835 1916 in
849 1857 977 1935 equestri
990 1854 1080 1932 gradu
1093 1864 1135 1916 te·

126 1941 201 2017 nuit,
220 1957 286 2000 cun
302 1939 388 2002 facile
405 1950 506 2019 posset
520 1939 679 2002 ascendere
690 1939 865 2001 altissimum.
898 1938 966 2001 Mihi
982 1949 1076 2000 tamen
1089 1956 1136 1998 or-

86 2023 241 2094 eonaudus
256 2023 492 2104 excolendusque
507 2034 561 2086 est.
584 2022 683 2103 ltaque
698 2025 790 2100 magui
806 2025 925 2084 aestimo
937 2022 1064 2100 dignitati
1075 2024 1163 2085 eiuso

128 2106 238 2186 aliquid
254 2106 401 2169 adstruere
416 2109 601 2186 inopinantis,
622 2109 795 2184 nescientis,
812 2109 896 2165 immo
916 2108 1000 2166 etiarn
1014 2106 1137 2168 fortasse

127 2190 273 2269 nolentis,
297 2191 444 2252 adstruere
459 2202 553 2252 autem
567 2191 643 2269 quod
661 2193 697 2250 sit
713 2189 891 2268 splendidum
906 2207 961 2248 nec
974 2189 1136 2250 molestum.

129 2273 220 2336 Cuius
234 2277 362 2352 generis,
379 2294 450 2355 quae
467 2277 557 2356 prima
572 2277 687 2336 eccesie
703 2273 764 2351 tihi,
782 2272 914 2334 conferas
929 2274 958 2333 in
974 2292 1039 2333 enm
1050 2284 1163 2351 rogo;6

127 2359 251 2421 habebis
267 2377 330 2438 me,
354 2359 473 2421 habebis
488 2360 581 2438 ipsum
598 2360 787 2436 gratissimum
804 2357 971 2434 debitorem.
1001 2357 1136 2432 Quamvis

88 2445 208 2517 emim
222 2445 349 2588 istavnpn
363 2442 488 2523 adpetat,
504 2452 561 2504 tarn
571 2453 653 2522 mate
667 2453 760 2504 tamen
772 2443 881 2522 ancipit
895 2459 977 2521 pena
991 2444 1017 2505 si
1030 2461 1136 2504 concu-

130 2530 238 2606 piscat.
294 2545 349 2588 ae.
517 2535 522 2545 “

613 2659 663 2720 111.

283 2757 310 2813 G.
327 2758 453 2812 PLINIUS
471 2759 654 2812 conmotus
669 2759 848 2812 ursPoLLuu
865 2759 949 2812 SUAE
966 2761 993 2814 S.

89 2889 124 2943 eo
197 2875 269 2938 oum
289 2886 398 2956 patrem
418 2887 512 2957 mum,
538 2879 735 2957 gravissimum
755 2886 785 2940 et
806 2879 1014 2940 sanctissimum
1034 2879 1164 2956 virum,1

131 2963 314 3041 suspexerim
327 2963 416 3040 magis
430 2981 466 3023 an
479 2964 629 3024 amaverim
645 2963 769 3024 dubitem
783 2971 871 3042 teque
888 2972 917 3024 et
930 2965 958 3023 in
975 2963 1138 3024 memoriam

132 3046 195 3106 eius
215 3054 245 3106 et
265 3047 294 3105 in
314 3046 452 3106 honorem
469 3057 548 3108 tuum
567 3049 650 3108 unice
668 3047 797 3125 diligam,
822 3049 933 3126 cupiam
947 3065 1071 3108 necesse
1093 3054 1138 3107 est

131 3139 219 3209 atque
240 3132 341 3208 eham,
363 3133 538 3210 quantumin
554 3141 601 3193 me¹
620 3132 723 3210 fuerit,
746 3131 836 3192 enitar
856 3141 888 3192 ut
908 3130 982 3193 filios
999 3141 1064 3192 tuus
1083 3147 1137 3190 avo

133 3213 233 3275 similis
244 3215 362 3292 existat,
379 3214 512 3293 equidem
522 3215 596 3276 rnalo
609 3224 752 3276 materno:
767 3232 934 3294 quamquam
947 3214 988 3275 illi
1002 3225 1137 3294 paternus

91 3305 125 3358 :to
135 3300 220 3358 etiarn
236 3297 330 3360 clarus
346 3307 551 3378 spectatusque
570 3301 733 3379 contigerit,
748 3309 831 3379 pater
845 3317 960 3379 quoque
976 3309 1006 3361 et
1020 3308 1137 3378 patruus

133 3381 245 3442 inlustri
265 3379 348 3442 laude
371 3385 530 3462 conspicui.
560 3382 670 3458 Quibus
692 3385 822 3446 omuibus
843 3386 882 3446 ita
903 3383 1014 3444 demum
1036 3381 1162 3443 similisu

134 3465 302 3545 adolescet,
324 3468 349 3528 si
367 3468 489 3530 imbutus
503 3467 632 3531 honestis
646 3469 754 3531 artibus
772 3468 876 3546 suerit,
897 3485 967 3548 quas
986 3465 1137 3546 plurimum

134 3549 225 3611 reiart
244 3569 261 3612 a
279 3565 335 3630 quo
351 3554 528 3630 potissimum
543 3555 676 3632 accipiat.
705 3553 807 3614 Adhuc
818 3551 898 3613 illuns
910 3547 1050 3631 pueritiae
1064 3550 1163 3611 ratioit
