2580 3978
155 271 198 346 ta
584 268 616 331 G.
639 265 737 330 l’LlNl

134 435 203 498 pest
216 424 289 485 enim
303 422 354 483 illo
368 425 444 485 vitae
459 441 567 502 genere
583 423 752 484 distinctius.
784 420 831 482 lle
847 430 940 482 antem
956 427 987 480 ιιι
1007 427 1103 482 certus
1123 421 1164 482 si-

158 510 257 570 derum
270 525 370 570 cursus
385 509 424 570 ita
437 510 495 568 vita
509 507 651 568 homiuum
662 506 800 585 disposita
814 504 950 583 delectat,
966 519 1067 566 senum
1079 521 1165 583 prae·

158 593 264 654 sertim.
286 590 357 652 Nam
376 595 495 652 iuvenes
511 590 630 652 confusa
648 590 741 651 adhuc
754 589 892 670 quaedam
911 598 940 649 et
956 589 1037 669 qnasi
1052 588 1164 649 turbata

159 694 216 738 non
235 675 386 746 indecent;
409 676 526 742 senibus
545 673 657 754 placida
677 673 769 736 omrla
790 684 819 735 et
834 673 960 734 ordinata
977 674 1163 750 conveniunt,

134 760 263 840 aquibus
279 759 414 821 industria
429 777 512 835 sera,
533 760 624 839 turpis
638 759 753 819 ambitio
770 767 824 820 est.
854 756 933 817 llanc
945 755 1074 835 regulam
1088 756 1190 834 Spu-s

160 847 238 905 rinna
252 845 479 906 constantissime
496 851 604 912 servan
624 844 691 922 quin
706 845 789 904 edan
802 859 888 922 parra
902 841 992 920 baec,
1010 855 1115 919 parva,
1137 840 1164 900 si

160 946 217 988 non
240 927 344 988 cotidie
366 928 450 1006 liant,
477 926 577 988 ordine
603 926 724 1006 quodmu
745 937 775 987 et
794 925 874 987 velut
895 925 966 986 orbe
987 925 1163 1000 circumagit.

55 1026 63 1038 ·
132 1010 241 1083 4llene
256 1010 365 1073 lectulo
377 1013 547 1089 continetur,
559 1010 628 1072 horn
639 1009 767 1072 secunda
778 1009 896 1071 calceos
910 1010 1023 1089 poscit,
1042 1006 1165 1069 ambulat

158 1095 233 1156 milia
252 1111 387 1174 passuum
406 1097 459 1156 trin
476 1113 533 1156 nec
555 1096 647 1155 arium
664 1096 783 1154 animum
802 1111 885 1174 quam
907 1109 1013 1172 corpus
1032 1100 1162 1152 exercet.

159 1181 190 1240 Si
205 1178 306 1240 adsunt
324 1180 424 1257 amici,
449 1178 641 1241 honestissimi
661 1193 809 1239 sermones
829 1177 1022 1258 explicantur:
1049 1176 1074 1236 si
1094 1190 1163 1251 non,
1175 1181 1212 1232 lo

158 1263 233 1324 liber
246 1262 367 1341 legitrr;
379 1263 519 1324 interdura
530 1265 614 1325 etiam
627 1262 826 1342 praecentibus
840 1262 956 1337 amicis,
975 1261 1000 1321 si
1013 1267 1106 1320 tamen
1122 1257 1165 1318 illi

136 1363 216 1416 5non
232 1356 390 1424 gravantur.
400 1345 525 1407 lleiude
537 1347 670 1424 considit,
686 1355 716 1407 et
729 1346 804 1407 liber
813 1361 911 1408 rursus
924 1351 972 1405 aut
983 1359 1078 1405 sermo
1089 1341 1166 1404 libro

160 1432 269 1509 potior:
281 1449 363 1500 :mox
381 1429 544 1491 vehiculum
566 1431 712 1508 ascendit,
733 1429 854 1491 adsumit
873 1445 993 1490 uxorem
1012 1425 1166 1505 singdaris

135 1512 287 1593 sexempli
307 1514 355 1574 vel
376 1512 501 1594 aliquem
514 1516 684 1592 amicorum,
704 1522 735 1574 ιιι
754 1531 800 1574 me
820 1515 959 1593 proxime.
994 1509 1084 1585 Quam
1100 1509 1166 1589 pul·
1222 1527 1232 1540 ⁵

161 1597 260 1659 chrum
274 1597 362 1676 illud,
381 1616 465 1677 quem
484 1596 570 1658 dulce
591 1596 750 1658 secretum!
771 1607 904 1677 quantum
919 1597 958 1658 ibl
976 1593 1211 1674 antiquitmisire

162 1681 349 1761 quaefacta,
377 1697 449 1760 quos
470 1683 548 1742 viros
571 1680 682 1742 audias!
713 1682 815 1760 quibus
837 1682 1001 1761 praeceptis
1022 1677 1164 1739 inbuere!

162 1767 290 1845 quamvis
303 1763 354 1826 ille
369 1764 426 1826 hoc
441 1775 693 1844 temperamentum
707 1766 864 1826 modestiae
878 1781 947 1825 suae
963 1763 1112 1840 indlxerit,
1126 1781 1165 1823 ue

136 1851 331 1928 rpraecipere
346 1848 483 1909 videatur.
516 1848 642 1910 Peractis
660 1857 771 1928 septem
786 1848 899 1910 milibus
915 1865 1050 1927 passuum
1063 1849 1166 1907 iterum
1284 1853 1285 1880 ι

161 1931 285 1994 ambulat
302 1932 400 2010 mille,
422 1934 525 1994 iterum
541 1933 639 1994 residit
658 1931 706 1993 vel
726 1951 759 1994 se
781 1932 915 1994 cubiculo
930 1950 964 1992 ac
979 1930 1048 1992 stilo
1061 1930 1164 1991 reddit.

162 2017 267 2078 Scribit
279 2015 366 2096 enim,
384 2026 413 2078 et
424 2017 538 2096 quidem
548 2027 667 2096 utraque
678 2016 785 2096 lingua,
801 2015 891 2092 lyrica
905 2016 1084 2078 doctissima:
1097 2015 1212 2074 mirato

162 2099 220 2162 illis
237 2099 379 2180 dulcedo,
402 2104 471 2163 mira
482 2103 623 2179 suavitas,
647 2103 716 2161 mira
730 2100 873 2178 hilaritas,
891 2102 970 2161 cuius
985 2101 1101 2178 gratiam
1117 2115 1167 2158 cu·

135 2184 248 2250 8mulat
263 2189 399 2248 sanctitas
423 2187 584 2266 scribentis.
616 2185 671 2248 Ubi
691 2185 760 2246 bora
781 2184 884 2246 balinei
904 2185 1029 2245 nuntiata
1044 2191 1089 2245 est
1103 2183 1167 2262 (est
1283 2217 1284 2234 ι

161 2278 254 2329 ιιιιιοιιι
267 2269 360 2330 hieme
372 2287 456 2346 nona,
471 2279 580 2331 aestate
593 2269 721 2348 octava),
737 2272 765 2329 in
779 2269 854 2346 sole,
870 2271 895 2329 si
906 2277 984 2329 caret
994 2274 1093 2344 venio,
1109 2281 1167 2325 am·

162 2352 241 2412 bulat
254 2351 357 2414 nudus.
375 2351 487 2412 Deinde
501 2362 631 2413 movetur
644 2352 702 2431 pila
714 2352 900 2413 vehementer
910 2361 939 2414 et
954 2352 1016 2412 diu:
1031 2368 1094 2411 nam
1109 2349 1167 2410 boc

91 2475 99 2492 .
163 2452 278 2515 quoque
293 2437 503 2497 exercitationis
516 2454 624 2514 genere
639 2445 746 2515 pugnat
761 2454 824 2496 cum
837 2446 998 2497 senectute.
1015 2434 1101 2496 Lotus
1118 2453 1166 2494 ac·
1175 2441 1213 2495 25

164 2519 249 2580 cubat
262 2528 291 2579 et
307 2519 453 2598 paulisper
467 2520 561 2580 cibum
575 2519 684 2580 differt:
698 2521 810 2581 iuterim
823 2519 899 2581 audit
910 2519 1168 2598 legentemremis·
1282 2533 1283 2568 ι

163 2605 221 2664 sius
236 2601 342 2681 aliquid
357 2613 386 2664 et
403 2601 523 2666 dulcius.
546 2603 602 2664 Per
611 2603 669 2664 boc
680 2615 762 2664 omne
777 2613 889 2683 tempus
904 2603 1025 2665 liberum
1040 2611 1085 2664 est
1100 2603 1168 2662 ami·

140 2689 207 2754 ocis
221 2685 269 2747 vel
285 2687 385 2747 eadem
405 2685 503 2748 iacere
518 2686 566 2748 vel
584 2683 654 2767 alia,
676 2689 701 2752 si
714 2687 817 2749 malint.
850 2687 1010 2768 Adponitur
1025 2704 1096 2747 cena
1110 2703 1169 2746 nou

163 2773 254 2831 minus
266 2771 352 2832 nitida
366 2789 448 2850 quam
461 2772 535 2849 frugi
550 2774 578 2831 iu
589 2781 708 2849 argento
721 2789 793 2850 puro
805 2781 834 2832 et
847 2774 978 2850 antiquo:
996 2779 1060 2831 sunt
1072 2772 1100 2830 in
1114 2789 1168 2830 usu

164 2864 194 2915 et
210 2852 371 2932 Corinthia,
398 2855 500 2933 quibus
520 2853 679 2916 delectatur
692 2873 747 2914 nec
762 2854 898 2916 adiicitur.
925 2853 1103 2933 Frequenter
1117 2871 1166 2914 co·
1176 2863 1214 2918 30

162 2937 273 2998 moedis
290 2956 361 2999 cena
382 2938 578 3017 distinguitur,
606 2947 637 2996 ut
656 2937 819 3017 voluptates
842 2957 956 3018 quoque
978 2937 1079 2999 studiis
1100 2954 1169 2998 con·

106 3056 113 3070 ·
164 3020 283 3082 diantur.
304 3021 393 3082 Sumit
408 3021 514 3101 aliquid
528 3020 563 3082 de
579 3032 665 3082 nocte
682 3030 712 3082 et
725 3032 847 3084 aestate:
863 3024 966 3084 nemini
980 3022 1038 3083 hoo
1051 3021 1170 3100 longum

122 3116 157 3169 lo
166 3115 226 3176 est;
241 3114 316 3166 tanta
328 3107 460 3166 comitate
475 3107 634 3166 convivium
647 3105 775 3167 trahitur.
794 3106 863 3167 lude
879 3105 920 3166 illi
934 3116 1001 3186 post
1016 3109 1171 3185 septimum
1280 3181 1281 3184 Ἴ

165 3199 194 3250 οι
210 3192 469 3268 septuagensimum
480 3208 580 3250 annum
591 3192 698 3249 aurium
712 3189 859 3252 oculorum
870 3192 954 3269 vigor
964 3192 1087 3268 integer,
1101 3189 1169 3250 inde
1280 3185 1281 3240 ἶ

101 3285 104 3292 ’
124 3283 155 3335 11
166 3271 242 3349 agile
258 3283 288 3334 et
302 3273 425 3333 vividum
439 3292 543 3354 corpus
558 3272 677 3352 solaque
692 3292 730 3334 ex
741 3283 893 3336 senectute
908 3274 1065 3353 prudentia.
1088 3273 1169 3334 llano
1178 3287 1217 3341 35

166 3372 222 3433 ego
238 3358 324 3416 uitam
337 3367 406 3418 roto
421 3366 450 3419 et
465 3359 639 3436 cogitatione
654 3374 822 3436 praesumo,
843 3360 1025 3436 ingressurus
1039 3357 1170 3420 avidissi-

165 3457 223 3517 me,
237 3448 268 3501 ut
283 3441 403 3519 primurn
414 3443 485 3504 ratio
496 3443 595 3504 aetatis
606 3441 738 3518 receptui
750 3459 853 3503 cauere
864 3443 1034 3520 permiserit.
1053 3439 1171 3502 interim

164 3522 243 3584 mille
259 3523 403 3588 laboribus
419 3535 570 3606 conteror,
591 3543 710 3607 quorum
730 3524 796 3585 mibi
811 3534 841 3586 et
860 3523 999 3586 solacium
1020 3533 1049 3586 et
1071 3541 1170 3586 exem·
1279 3521 1280 3540 ¹
