2604 3972
424 265 685 329 EPISTULARUM
697 266 774 327 Vlll.
793 276 818 330 7.
1065 268 1127 334 159

128 438 195 480 nem
210 418 367 498 praepositi
381 435 475 480 rernm
489 420 551 480 eius
567 437 652 480 curae
665 428 802 499 possent,
826 429 855 479 et
868 419 999 482 Pallantis
1014 431 1127 500 spectu·

129 505 237 565 tissima
252 503 323 563 bdes
339 501 431 581 adque
445 503 605 564 innocentia
620 501 753 581 exemplo
763 519 922 581 provocare
936 504 1057 565 studium
1071 514 1127 566 tam

129 587 268 647 honestae
280 585 473 647 aemulationis
482 595 593 665 posset,
609 602 724 664 eaquae
734 584 770 644 X.
782 582 844 645 Kal.
859 584 1037 664 Fsbmarias,
1054 605 1126 666 quae

130 670 274 750 proximae
288 668 426 746 luissent,
446 671 475 729 in
493 667 666 748 amplissimo
682 669 781 729 ordine
796 670 917 749 optimus
932 671 1067 748 princeps
1081 688 1126 729 re·

102 755 248 815 toitasset
264 761 436 831 senatusque
455 751 583 814 consulta
603 751 639 812 de
653 753 688 812 iis
702 751 789 812 reboo
805 752 879 813 iacta
896 754 924 812 in
938 770 1005 814 aere
1020 752 1126 812 incide·

128 845 237 913 rentur,
254 835 340 914 idque
353 853 404 896 aes
418 835 555 912 ligeretur
568 834 604 896 ad
617 844 736 896 statuam
746 834 891 897 loricatam
904 834 958 896 diui
969 834 1054 896 Iulii'.
1075 835 1125 896 Pa·
1134 845 1168 901 14

128 937 190 980 rum
202 921 293 978 risum
307 926 445 978 tantorum
460 916 632 979 dedecorum
649 937 716 980 esse
730 919 835 978 curiam
855 928 972 980 testem:
995 918 1125 980 delectus

129 1011 176 1064 est
190 1001 394 1063 celeberrimus
408 1001 508 1078 locus,
522 1002 550 1062 in
566 1019 622 1081 quo
636 1000 759 1080 legenda
774 1004 990 1082 praesentibus,
1005 1002 1128 1080 legenda

129 1085 231 1147 futuris
247 1082 443 1166 proderentur.
471 1084 580 1146 Placuit
594 1103 661 1146 aere
678 1086 783 1162 signari
796 1103 895 1148 omnes
909 1085 1034 1148 bonores
1048 1085 1127 1147 iasti-

84 1169 281 1237 lodiosissimi
293 1169 435 1246 mancipii,
451 1185 581 1247 quosque
595 1168 774 1248 repudiasset
789 1185 931 1248 quosque,
946 1178 1078 1248 quantum
1092 1167 1127 1229 ad

129 1253 312 1314 decernentis
327 1253 461 1332 pertinet,
476 1253 626 1329 gessisset.
653 1249 746 1313 Incisa
760 1262 789 1313 et
802 1251 943 1330 insculpta
956 1261 1021 1314 sunt
1035 1252 1126 1332 publi·

131 1337 174 1396 cis
187 1337 367 1414 aeternisque
382 1336 569 1396 monumentis
585 1336 725 1414 praetoria
740 1345 901 1396 ornamenta
915 1334 1064 1412 Pallantis,
1084 1337 1127 1395 sio

130 1420 211 1498 quasi
224 1418 342 1480 foedera
357 1421 480 1497 antiqua,
494 1420 537 1480 sic
552 1419 631 1498 qnasi
646 1435 745 1478 sacrae
759 1417 851 1496 leges.
874 1417 961 1479 Tanta
978 1419 1125 1499 principis,
1136 1433 1169 1486 15

129 1511 205 1563 tantu
227 1511 360 1580 senatus,
385 1510 460 1562 tanta
479 1500 611 1562 Pallantis
633 1502 722 1580 ipsius
752 1536 785 1548 -
811 1500 878 1581 quid
899 1501 990 1563 dicam
1013 1503 1124 1577 nescio,
1146 1539 1149 1546 Δ

83 1586 212 1666 nequest
222 1585 331 1646 vellent
351 1587 379 1645 in
393 1584 484 1646 oculis
500 1587 623 1646 omnium
644 1585 708 1662 ligi,
730 1583 822 1646 Pallas
842 1585 1020 1647 insolentiam
1037 1602 1126 1662 suam,

128 1671 291 1750 patientiam
307 1666 429 1747 Caesar,
450 1667 632 1729 bumilitatem
646 1677 770 1729 senatus.
800 1666 863 1729 Neo
879 1670 977 1748 puduit
990 1671 1127 1730 rationem

128 1751 293 1832 turpitudini
316 1752 491 1829 obtendere,
519 1753 665 1830 egregiam
687 1752 801 1830 quidem
821 1751 1023 1833 pulchramque
1043 1753 1127 1812 ratio-

127 1854 212 1914 nem,
227 1844 258 1896 nt
278 1833 410 1914 exemplo
429 1834 562 1896 Pallantis
577 1834 764 1912 praemiorum
779 1835 815 1895 ad
831 1837 952 1898 studium
966 1834 1127 1897 aemulatio-

127 1923 174 1981 uis
198 1919 289 1980 ceteri
308 1928 542 1998 provocarentur.
578 1916 621 1978 lla
641 1916 780 1978 bonorum
799 1918 892 1980 vilitas
916 1928 992 1997 erat,
1015 1917 1127 1979 illorum
1138 1935 1169 1990 16

84 2011 118 2065 bo
127 2005 214 2064 etiam
229 2019 301 2083 quos
316 2000 407 2063 Pallas
427 2019 483 2062 non
497 2000 709 2078 dedignabatur.
739 2000 956 2063 inveniebantur
969 2013 1062 2063 tamon
1076 2001 1127 2060 ho·

126 2096 214 2147 nesto
233 2085 300 2147 looo
319 2086 376 2146 nati
397 2087 444 2164 qui
465 2092 598 2164 peterent
620 2092 814 2163 cuperentque
836 2085 912 2164 qnod
933 2085 991 2144 dari
1010 2084 1127 2160 liberto,

126 2170 255 2251 promitti
271 2170 362 2230 seruis
374 2168 516 2229 videbant.
538 2166 627 2241 Quam
641 2168 717 2228 iuvat
732 2167 807 2245 quod
821 2169 850 2227 in
863 2178 991 2246 tempora
1006 2167 1054 2228 illa
1068 2179 1169 2238 uon17

125 2253 232 2330 incidi,
253 2269 372 2331 quornm
387 2253 430 2314 sic
444 2269 490 2312 me
506 2260 645 2330 tamquam
659 2248 716 2324 illis
734 2251 853 2311 vixerim
873 2250 974 2331 pudet!
996 2249 1061 2312 Non
1076 2250 1125 2309 du-

127 2337 190 2397 bito
207 2335 336 2397 similiter
351 2336 434 2397 adlici
447 2344 485 2397 te.
518 2333 586 2394 Soio
606 2334 745 2412 quamsit
765 2335 816 2395 tibi
836 2336 918 2396 virm
939 2344 968 2396 et
988 2336 1127 2413 ingenuus

85 2421 252 2489 monimum
270 2420 336 2480 ideo
351 2417 461 2480 lucilius
475 2427 520 2479 est
534 2427 565 2478 ut
579 2435 641 2494 me,
658 2433 822 2496 quamquam
838 2419 1056 2497 indignationem
1067 2419 1127 2496 qni-

127 2502 248 2564 busdam
260 2505 289 2563 in
304 2502 377 2563 loeis
391 2501 514 2563 fortasse
530 2500 602 2562 ultra
616 2499 757 2578 epistulae
771 2501 885 2564 modum
899 2502 1064 2579 extulerim,
1080 2519 1127 2580 pu·

126 2604 191 2648 rum
206 2585 333 2647 doluisse
349 2602 431 2664 quam
444 2586 526 2644 nimis
542 2582 654 2644 eredas.
683 2580 767 2644 Vale.

88 2840 123 2895 30
417 2815 444 2865 o.
462 2813 586 2866 sumnus
598 2712 719 2863 xuybl‘onro
735 2810 795 2862 suo
814 2810 841 2861 s.

192 2916 295 2996 Neque
310 2926 340 2978 nt
355 2916 489 2995 magistro
504 2916 641 2994 magister
659 2929 754 2992 neque
770 2919 801 2972 ut
816 2910 956 2990 discipulo
972 2908 1153 2990 discipulost

130 3003 191 3082 (sio
202 3003 276 3062 enim
287 2999 417 3078 scribis),
433 2997 486 3061 sed
500 3008 531 3060 ut
545 2997 685 3077 discipulo
694 2997 832 3073 magister
844 2995 922 3074 (nam
937 3003 968 3056 tu
981 2995 1127 3073 magister,

130 3077 1154 3245 t‘ttt‘tt,tltttbt‘tltlimitationi‘libbi2

88 3203 179 3317 atlon
193 3185 291 3313 hpaepe
306 3247 398 3330 adque
411 3249 468 3309 hoo
479 3251 543 3329 ipso
558 3208 681 3327 probare
697 3264 760 3308 enm
775 3263 842 3306 esse
856 3264 902 3306 nne
916 3245 962 3324 qui
977 3262 1034 3305 non
1044 3242 1128 3304 modo

131 3336 268 3414 magister
280 3343 346 3396 tuus
361 3333 415 3395 sed
429 3350 466 3393 ne
481 3332 637 3412 discipulus
653 3331 768 3410 quidem
782 3328 901 3390 debeam
914 3323 992 3389 dict?
1017 3326 1129 3390 Sumam

132 3426 224 3480 tamen
237 3434 388 3497 personam
401 3417 527 3494 magistri
544 3432 731 3494 exseramque
745 3414 774 3474 in
788 3412 889 3473 librum
903 3423 979 3478 tuum
993 3412 1037 3474 ius
1053 3410 1128 3489 quod
