2580 3978
405 220 669 282 EPISTULARUM
682 219 706 280 l.
728 230 771 283 19.
786 231 831 284 20·
1081 223 1121 287 17

117 376 223 454 alioqui
240 376 447 456 praevaricatio
462 384 508 435 est
525 375 643 436 transire
659 373 795 452 dicenda,
812 377 1017 454 praevaricatio
1036 379 1120 436 etiam

119 462 223 520 cursim
244 468 274 519 et
294 459 421 519 breviter
439 459 580 537 attingere
596 475 669 536 quae
685 459 740 519 sint
761 457 943 538 inculcanda,
967 460 1120 538 inligeuda,

117 542 284 622 repetenda.
315 541 387 602 Nam
407 540 553 622 plerisque
573 541 704 619 longiore
726 551 845 602 tractatu
866 544 910 602 vis
932 543 1069 622 quaedam
1091 551 1145 604 et3

117 627 230 709 pondus
246 626 375 704 accedit,
397 634 486 705 utque
502 627 618 703 corpori
635 625 757 701 ferrum,
783 628 825 687 sic
848 628 939 686 oratio
958 628 1049 687 animo
1064 644 1121 688 non

95 714 177 772 5iotu
191 713 280 786 magis
296 725 378 789 quam
396 726 474 769 mora
487 711 654 788 inprimitur.
681 707 735 769 Hic
755 708 805 770 ille
819 728 931 770 mecum
946 713 1144 772 auctoritati-4

116 796 171 855 bus
185 795 244 872 agit
259 811 294 853 ao
309 793 377 853 mihi
392 812 429 852 ex
445 791 562 854 Graecis
577 795 722 854 orationes
735 791 837 869 lysiae
855 803 994 871 ostentat,
1019 813 1056 855 ex
1070 812 1121 854 no·

118 879 186 940 stris
205 875 397 938 Gracchorum
412 874 599 956 Catonisque,
618 893 736 954 quorum
751 895 819 938 sanc
833 877 971 957 plurimae
986 888 1051 939 sunt
1067 882 1120 938 cir·

119 963 262 1022 cumcisac
275 970 305 1021 et
319 961 440 1021 breves:
456 978 513 1038 ego
524 959 626 1036 Lysiae
636 959 860 1038 Demosthenen,
876 962 1052 1042 Aeschinen,
1065 962 1121 1038 ilv-

119 1044 258 1126 periden,
282 1043 444 1123 multosque
459 1053 626 1123 praeterea,
650 1042 786 1105 Gracchis
801 1053 830 1105 et
846 1042 946 1106 catoni
962 1045 1120 1121 Polionem‚

82 1135 112 1187 ιο
121 1128 284 1206 Gaesarem,
301 1126 440 1205 Caelium,
459 1129 595 1207 inprimis
608 1125 777 1186 lll.'lullium
790 1146 917 1208 oppono,
937 1131 1017 1191 cuius
1031 1133 1121 1192 oratio

120 1215 226 1292 optima
246 1211 337 1272 fertur
354 1231 422 1273 esse
440 1229 513 1292 quac
534 1214 661 1274 maxima.
695 1211 732 1272 lit
753 1211 924 1273 Herculem
942 1213 1014 1274 aliae
1030 1215 1122 1275 honae

119 1317 167 1357 res
183 1299 223 1356 ita
244 1295 336 1356 honus
358 1294 432 1356 liher
451 1295 555 1357 melior
576 1304 621 1356 est
643 1297 763 1374 quisque
780 1314 837 1375 quo
853 1299 952 1358 maior.
983 1297 1073 1358 Vides
1092 1308 1146 1358 ut5

120 1391 245 1455 statuas,
268 1382 367 1458 signa,
388 1381 532 1460 picturas,
548 1379 690 1439 hominum
705 1379 827 1458 denique
841 1379 1049 1462 multorumque
1065 1382 1122 1442 aui·

119 1463 234 1525 mallum
244 1463 360 1541 formas,
376 1464 507 1524 arhcmm
522 1466 616 1542 etiam,
633 1465 657 1524 si
671 1462 755 1523 modo
768 1466 823 1524 sint
837 1464 971 1544 decorae,
987 1464 1056 1526 nihil
1066 1482 1122 1525 ma-

82 1559 112 1612 15
121 1550 166 1627 gis
183 1565 265 1627 quam
279 1547 432 1627 amplitudo
449 1547 638 1609 commendet.
657 1545 737 1607 ldem
748 1550 920 1609 orationihus
932 1552 1038 1628 evenit,
1056 1552 1123 1629 quin

121 1633 207 1694 etiam
225 1631 416 1693 voluminibus
432 1633 503 1710 ipsis
525 1633 721 1692 auctoritatem
737 1633 874 1711 quandam
893 1641 922 1694 ct
936 1631 1123 1713 pulchritudi-

120 1733 187 1776 nem
206 1715 291 1777 adicit
309 1715 482 1794 magnitudo.
514 1715 593 1775 llaec
613 1714 663 1775 ille
679 1715 821 1796 multaque
837 1716 891 1778 alia
912 1734 1016 1796 quasa
1035 1733 1081 1777 me
1096 1719 1149 1782 in6
1170 1787 1174 1794 ,

121 1797 241 1860 eandem
256 1801 424 1860 sententiam
438 1798 534 1860 solent
548 1799 620 1878 dici,
638 1808 669 1859 ot
683 1810 729 1860 est
743 1802 771 1860 in
786 1801 955 1881 disputando
969 1803 1123 1881 inconpre-

120 1882 271 1943 hensibilis
294 1891 323 1944 ct
344 1882 488 1960 lubricus,
512 1885 552 1944 ita
568 1883 657 1944 eludit
676 1893 707 1943 ut
721 1884 872 1945 contendat
888 1885 942 1946 hos
958 1887 1039 1965 ipsos
1054 1903 1124 1964 quo·

78 1983 184 2036 porum
205 1968 379 2028 orationihus
395 1970 466 2028 nitar
485 1970 619 2048 pauciora
643 1968 749 2029 dixisse
772 1986 854 2048 quam
878 1969 1025 2029 ediderint.
1058 1967 1124 2046 Ego

121 2061 223 2112 eontra
236 2058 315 2131 puto.
351 2051 454 2112 Testes
469 2060 533 2112 sunt
549 2051 653 2112 multae
667 2049 817 2112 multorum
837 2055 979 2114 crationes
995 2063 1025 2114 et
1040 2051 1150 2117 (lice-7

120 2138 200 2196 rouis
217 2152 271 2215 pro
285 2132 418 2214 lloreua,
434 2153 488 2214 pro
501 2134 631 2212 Vareno,
647 2136 791 2214 inquibus
805 2137 901 2196 brevis
913 2145 943 2196 et
957 2135 1030 2195 unda
1045 2139 1125 2215 quasi

122 2220 299 2297 subscriptio
316 2218 489 2298 quorundam
505 2221 649 2279 criminum
665 2217 735 2280 solis
751 2219 839 2280 titulis
853 2219 1002 2280 indicator.
1021 2218 1068 2280 Ex
1081 2219 1126 2281 his

122 2313 244 2384 apparet
257 2301 338 2366 illum
350 2303 489 2383 permulta
504 2304 628 2382 dixisse,
651 2321 715 2362 cum
735 2303 851 2382 ederat,
874 2305 1014 2366 omisisse.
1049 2302 1154 2368 ldem8

77 2397 175 2468 topro
195 2386 328 2448 Cluentio
347 2389 385 2448 ait
406 2406 439 2448 se
460 2397 546 2449 totam
566 2405 680 2449 causam
699 2397 800 2449 vetere
814 2389 941 2450 instituto
957 2388 1127 2469 solumpcr·

121 2489 234 2550 orasse,
251 2481 280 2532 et
295 2489 348 2552 pro
364 2468 396 2531 (l.
413 2469 547 2533 Cornelio
563 2470 717 2551 quadriduo
733 2474 845 2550 egisse;
863 2493 900 2533 ne
915 2472 1044 2533 dubitare
1058 2490 1127 2553 pos-

120 2559 209 2617 simus
224 2573 297 2634 quac
312 2573 366 2635 per
379 2552 478 2635 plmes
493 2555 566 2633 dies,
578 2566 609 2616 ut
622 2574 747 2617 necesse
762 2567 839 2636 erat,
860 2557 944 2618 latius
959 2556 1061 2617 dixerit
1075 2575 1127 2637 po·

120 2649 185 2700 stea
204 2641 299 2700 recisa
320 2657 354 2699 ac
374 2649 528 2718 repurgata
546 2641 575 2699 in
594 2657 678 2699 unum
698 2637 818 2718 librum,
843 2640 979 2718 grandem
1000 2640 1125 2721 quidem,

120 2740 207 2782 unum
222 2731 326 2800 tamen,
343 2733 499 2784 coartasse.
534 2713 669 2812 dfaliud
684 2732 729 2783 est
739 2725 814 2784 actio
827 2725 916 2802 bona,
937 2723 1013 2784 aliud
1028 2727 1153 2786 oratiot

76 2806 191 2870 eoscic
207 2823 265 2865 non
279 2804 364 2866 nullis
380 2807 418 2866 ita
432 2806 539 2885 videri,
556 2806 609 2868 sed
625 2824 694 2885 ego,
709 2806 827 2870 forsitan
844 2807 942 2886 fallar,
959 2826 1127 2888 persuasum

121 2890 217 2984 hahep
228 2907 317 2970 posse
329 2891 390 2950 lieri
404 2899 434 2950 ot
445 2893 482 2951 sit
496 2893 570 2951 actio
582 2891 656 2951 bona
667 2909 739 2969 quae
752 2909 808 2951 non
822 2894 858 2953 sit
869 2895 942 2954 hona
957 2894 1057 2968 oratio,
1071 2910 1128 2952 nou

120 2991 213 3055 posse
235 2990 291 3034 non
313 2974 416 3036 honam
436 2976 577 3036 actionem
598 2994 666 3036 csse
687 2992 760 3054 quac
782 2977 820 3036 sit
840 2978 915 3037 bona
941 2978 1039 3037 oratio.
1073 2975 1128 3037 list

121 3059 198 3118 enirn
214 3059 304 3118 oratio
325 3059 446 3119 actionis
468 3057 613 3139 exemplar
634 3067 663 3118 et
681 3061 761 3137 quasi
777 3049 974 3139 ἀρχέτυπον.
1011 3058 1082 3120 ideo
1097 3062 1126 3119 in
1137 3069 1171 3120 10

121 3142 231 3220 optima
253 3160 366 3222 quaque
387 3141 466 3203 mille
487 3144 591 3222 ligores
613 3142 824 3222 extemporales
845 3144 1019 3223 invenimus,
1044 3146 1073 3203 in
1093 3146 1128 3204 iis

80 3227 208 3288 osetiam
229 3244 298 3306 quas
319 3235 425 3286 tautum
447 3226 538 3288 editas
564 3227 687 3304 scimus,
713 3235 743 3286 nt
764 3229 791 3288 in
814 3227 952 3306 Verrem,
979 3229 1129 3289 ‘artificem

122 3305 232 3389 queml
253 3308 421 3389 quemnam?
442 3319 524 3372 recte
536 3310 686 3371 admones:
708 3308 877 3387 Polyclitum
891 3331 960 3372 esse
974 3310 1128 3373 dicebant.9

123 3395 262 3470 Sequitur
277 3411 348 3472 ergo
363 3395 482 3456 utactio
498 3395 534 3456 sit
548 3393 757 3456 absolutissima
772 3412 844 3473 quac
857 3398 976 3456 maxime
994 3397 1128 3456 orationis

125 3477 335 3538 similitudinem
356 3480 549 3560 expresserit,
570 3481 595 3539 si
609 3478 694 3540 modo
708 3480 810 3539 iustum
828 3490 857 3540 et
875 3479 1000 3621 dehitpm
1016 3487 1128 3557 tempus

166 3567 239 3620 Purm
257 3566 306 3620 Er.
