2584 3972
176 279 238 345 120
596 276 630 338 0.
651 273 749 339 PblNl

175 435 233 510 ris,
251 430 320 494 nibil
336 437 382 492 est
398 429 474 509 quod
487 447 595 508 negare
611 429 747 507 debeam,
770 431 939 508 praesertim
955 447 1010 510 pro
1025 430 1115 510 patria
1128 449 1183 510 pe·

176 516 255 578 tenti.
291 514 365 589 Quid
391 515 465 575 enim
489 513 626 593 precibus
647 523 696 573 aut
716 512 864 574 honestius
888 515 943 594 piis
963 523 1011 574 aut
1032 513 1183 578 ollicacius
1281 508 1282 564 l

149 597 313 669 seruantis?
345 596 467 658 Proinde
487 595 624 657 Firmanis
642 597 698 658 tuis
717 614 752 657 ac
769 599 824 658 iam
843 600 938 676 potius
959 599 1066 659 nostris
1082 598 1183 676 obliga

177 684 261 744 iidem
281 700 387 751 meam
410 697 482 760 quos
503 681 602 742 labore
617 689 646 742 et
661 680 754 741 studio
772 698 838 741 mco
849 680 952 760 dignos
966 699 1030 742 curn
1043 681 1183 761 splendor

176 769 302 847 ipsorum
313 777 373 827 tum
384 765 441 825 boc
452 766 570 824 maxime
582 762 745 843 pollicetur,
761 764 838 843 qnod
851 765 987 826 credibile
1000 772 1045 826 ost
1057 767 1207 845 optimos5
1282 800 1283 810 ι

177 869 244 911 esse
257 853 331 912 inter
344 864 416 927 quos
430 855 460 908 tu
474 845 539 908 talis
552 849 680 907 moreris.
710 847 792 908 Vale.

614 980 732 1041 xvllll.

463 1081 490 1136 o.
509 1079 634 1132 ruinius
650 1080 764 1132 nacon
779 1080 839 1131 sno
856 1077 882 1130 S.

152 1205 167 1255 l
237 1186 303 1247 Scis
323 1195 353 1245 tu
373 1185 536 1246 accessisse
556 1186 678 1265 pretium
704 1186 796 1263 agris,
823 1183 980 1263 praecipue
1000 1183 1180 1246 suburbanis.
1190 1205 1223 1258 lo

178 1268 271 1331 Causa
282 1270 392 1331 subitae
409 1271 531 1330 cunum
545 1286 593 1330 res
608 1267 703 1329 multis
716 1271 818 1347 agitate
831 1267 1025 1329 sermonibus:
1041 1270 1179 1346 proximis

179 1356 300 1415 comitiis
322 1353 537 1414 honestissimas
557 1370 648 1415 voces
670 1361 784 1414 senatus
806 1353 950 1430 expressit
971 1351 1123 1413 ‘candidati
1143 1372 1181 1414 ne

150 1441 379 1514 nominentur,
400 1456 437 1497 ne
458 1440 567 1498 mittant
580 1454 711 1514 munera,
734 1456 771 1497 nc
786 1438 923 1514 pecunias
938 1436 1102 1514 deponaut'.
1135 1436 1182 1498 llx

177 1522 280 1600 quibus
295 1521 350 1581 duo
366 1523 461 1600 priora
476 1530 531 1580 tam
545 1530 646 1599 aperte
659 1537 742 1598 quam
756 1519 906 1580 immodico
920 1520 1034 1596 flebant,
1051 1519 1109 1582 boo
1123 1529 1181 1580 ter-

149 1607 261 1683 atinm,
278 1621 443 1683 quamquam
459 1603 666 1680 occultaretur,
689 1621 742 1682 pro
760 1613 908 1682 comperto
923 1604 1090 1664 habebatur.
1120 1603 1221 1670 llo-15

177 1688 279 1748 mullus
287 1688 387 1749 deinde
393 1697 503 1765 noster,
515 1687 666 1766 vigilanter
672 1705 741 1747 usus
752 1688 809 1749 boo
822 1704 965 1749 consensu
975 1696 1101 1765 senatus,
1114 1706 1182 1748 sen·
1285 1679 1286 1718 l

178 1775 282 1833 tentiae
297 1772 365 1831 loeo
377 1770 531 1851 postulavit
546 1781 576 1833 ut
589 1771 723 1831 consules
735 1771 906 1834 desiderium
917 1774 1114 1832 universorum
1128 1790 1181 1833 no·

178 1866 236 1916 turn
248 1857 369 1934 principi
377 1855 506 1915 iacerent
515 1864 717 1934 peterentque,
731 1857 804 1916 sicut
816 1855 877 1917 aliis
888 1856 964 1916 vitiis
980 1855 1047 1916 buio
1065 1873 1182 1935 quoquc

151 1939 356 2019 4providsntia
371 1957 422 2000 sua
437 1949 613 2000 occurreret.
637 1939 782 2001 Occurrit:
796 1955 859 2000 nam
873 1948 1002 2018 sumptus
1018 1939 1181 2003 candidato·
1286 1997 1287 2000 ,

177 2041 254 2098 rum,
270 2024 373 2084 loedos
388 2022 454 2086 illos
467 2033 497 2085 et
510 2024 645 2101 infames,
667 2023 787 2084 ambitus
802 2023 869 2102 lege
881 2025 1039 2085 restrinxit:
1061 2023 1224 2094 eosdemne

177 2110 337 2188 patrimonii
357 2110 468 2169 tertiam
483 2119 592 2187 partem
607 2107 740 2168 conferre
754 2107 837 2167 iussit
850 2109 878 2167 in
894 2125 928 2168 ea
942 2125 1016 2187 quae
1030 2107 1096 2169 solo
1112 2126 1182 2170 con·

178 2193 343 2268 cinerentur,
361 2192 488 2252 deforme
504 2193 671 2270 arbitratus,
688 2201 719 2252 ut
734 2201 811 2269 erat,
825 2190 964 2253 bonorem
981 2194 1120 2269 petituros
1135 2210 1183 2251 ur·

178 2278 244 2337 beru
265 2275 430 2354 Italiamque
451 2293 508 2335 non
529 2293 582 2354 pro
604 2277 693 2354 patrio
715 2274 767 2334 scd
789 2292 841 2352 pro
861 2276 987 2354 bospitio
1007 2286 1054 2337 aut
1068 2275 1182 2338 stabulo

151 2360 257 2438 equari
273 2361 489 2436 peregrinantes
503 2359 619 2418 babere.
641 2356 818 2419 Concursant
833 2377 904 2438 ergo
921 2359 1073 2421 candidati:
1090 2369 1183 2420 certu-

178 2445 227 2504 tlm
242 2441 377 2520 quidquid
391 2441 494 2500 venale
509 2440 623 2501 audiunt
638 2444 785 2520 emptitant
799 2460 913 2522 quoque
929 2445 985 2504 sint
998 2443 1080 2524 plura
1094 2460 1181 2504 vena·
1190 2453 1224 2507 25

151 2525 214 2588 filia
227 2524 361 2585 eliciunt.
381 2523 505 2585 Proinde
521 2526 545 2585 si
563 2525 689 2604 paenitet
706 2534 735 2585 te
747 2525 908 2587 Italicorum
919 2527 1107 2606 praediomm,
1124 2528 1183 2587 boo

176 2607 318 2669 vendendi
337 2618 450 2687 tempus
466 2618 523 2670 mm
543 2607 667 2670 llercule
681 2626 763 2688 quam
777 2611 806 2670 in
820 2611 975 2688 prouinciis
991 2611 1180 2692 comparandi,

176 2692 241 2754 dum
253 2693 328 2755 idem
344 2691 481 2754 candidati
494 2692 554 2755 illio
567 2691 702 2771 vendunt,
718 2703 749 2754 ut
762 2693 809 2753 bie
824 2704 924 2756 emant.
945 2693 1027 2756 Vale.

646 2827 710 2888 XX.

465 2927 493 2979 o.
509 2927 634 2978 nunnius
650 2927 766 2979 suono
782 2926 841 2979 suo
858 2927 885 2978 S.

152 3039 168 3091 1
241 3028 293 3088 Ais
313 3036 342 3089 tc
359 3028 509 3088 adductum
527 3028 629 3091 litteris
645 3048 715 3109 quas
731 3032 857 3109 exigenti
872 3031 923 3090 tibi
939 3029 975 3090 ds
990 3038 1082 3089 morte
1097 3047 1183 3088 avun-

178 3112 235 3172 culi
248 3113 305 3172 mei
326 3113 431 3191 scripsi
447 3130 555 3191 ouperc
576 3131 756 3192 cognoscere
773 3131 845 3194 quos
862 3131 917 3191 ego
938 3112 1041 3173 bliseni
1062 3111 1183 3173 relictus

178 3195 223 3275 (id
238 3198 312 3256 enim
326 3198 475 3274 ingressus
495 3198 675 3278 abruperam)
693 3217 750 3259 uon
770 3197 862 3260 solum
876 3206 969 3258 metus
983 3214 1082 3256 verum
1097 3197 1184 3258 etiaur

179 3295 263 3340 casus
284 3278 457 3358 pertulerim.
492 3281 665 3362 Quamquam
683 3284 790 3343 animus
803 3282 966 3343 meminisse
981 3281 1095 3358 borret,
1111 3281 1225 3344 inci-ss

32 3423 34 3430 ,
150 3363 262 3441 spiam.
292 3362 426 3426 Pr0lecto
446 3365 588 3427 avunculo
609 3368 674 3446 ipsc
692 3366 832 3445 reliquum
851 3375 966 3443 tempus
981 3365 1083 3426 studiis
1099 3364 1182 3444 (ideo

177 3448 252 3506 enim
262 3451 467 3529 remanseram)
482 3449 612 3529 inpendi:
633 3467 700 3510 mox
720 3449 877 3526 balineum,
899 3467 985 3526 cena,
1008 3466 1125 3510 somnus
1140 3450 1184 3510 in·

150 3538 291 3610 equetus
307 3543 336 3594 et
349 3534 457 3595 breuis.
478 3533 682 3596 Praecesserat
697 3533 868 3613 permultos
883 3533 945 3595 dies
965 3542 1071 3594 memor
1087 3543 1184 3594 terrae

1076 2837 1225 2932 *lffso
