2584 3972
185 227 247 336 nal
605 269 639 330 o.
662 268 759 329 rum

185 423 333 486 admodum
349 423 494 502 coeperim
508 421 647 500 scribere,
663 421 760 500 bomo,
775 431 806 481 ut
821 422 871 482 tibi
885 423 995 501 uidcor,
1007 441 1140 501 aeroma,
1159 432 1189 484 ut

161 510 249 588 aipse
263 507 365 582 fateor,
381 523 438 567 non
453 508 574 584 ineptus.
601 504 758 584 Numquam
774 509 920 584 apodtice
937 507 1036 584 (altius
1054 508 1127 566 enim
1141 525 1188 566 re·

186 591 297 670 petam)
326 590 435 651 alicnus
461 589 518 659 iui;
544 591 717 668 quinetiam
741 589 966 668 quattuordecim
990 599 1074 651 natus
1097 607 1187 651 annos

187 675 322 736 Graecam
336 672 509 752 tragoediam
524 675 635 752 scripsi.
659 670 798 747 Qualem?
813 675 915 753 inquis.
937 672 1061 735 Nescio:
1075 683 1187 752 tragoe-

151 769 171 825 a
186 760 231 820 dia
244 758 406 819 vocabatm.
428 756 506 833 bion,
524 774 587 816 cum
603 757 729 817 emilitia
742 757 860 818 rediens
875 759 904 817 in
916 756 1005 819 Icaria
1015 757 1107 819 insula
1118 763 1210 818 ven-5

185 847 222 904 tis
237 843 396 916 detinerer,
417 840 531 900 Latinos
550 839 652 918 elegos
664 843 692 900 in
706 839 777 900 illud
791 843 884 919 ipsum
898 859 974 902 mare
985 845 1133 921 ipsamque
1146 843 1188 901 in-

187 927 277 988 sulam
291 926 358 986 ieci.
378 924 522 1004 Expertus
537 942 598 985 snm
612 942 658 982 me
671 923 821 1003 aliquando
836 935 866 985 et
875 925 982 1003 heroo,
997 925 1188 1003 hendecasyl-

186 1011 260 1072 labis
274 1027 349 1070 nunc
364 1011 494 1088 primum,
511 1025 630 1087 quorum
643 1008 690 1069 bic
704 1007 814 1083 natalis,
827 1008 898 1069 baec
914 1027 999 1070 cansa
1013 1019 1068 1069 est.
1096 1009 1189 1087 Lege·

183 1095 284 1156 bantur
295 1096 323 1153 in
339 1092 507 1154 Lamentino
521 1092 587 1152 milri
606 1092 670 1152 libri
684 1092 764 1151 Asini
781 1091 853 1152 Galli
868 1093 904 1154 de
922 1095 1124 1171 conparatione
1138 1111 1189 1172 pa·

183 1181 234 1239 tris
246 1190 275 1240 et
289 1177 451 1238 Ciceronis:
462 1177 558 1237 incidit
570 1177 742 1254 epigramma
752 1173 901 1237 ciceronis
913 1178 942 1237 in
953 1175 1085 1238 Tironem
1095 1195 1186 1236 snum.
1198 1190 1228 1240 lt

154 1262 274 1341 suein,
291 1280 355 1323 cum
371 1261 490 1321 meridie
506 1262 583 1340 (erat
601 1263 675 1320 enim
690 1258 802 1339 aestas)
817 1259 986 1322 dormiturus
1000 1278 1046 1320 me
1059 1263 1188 1338 recepis-

183 1367 244 1407 sem
259 1365 314 1407 nec
329 1346 484 1425 obreperet
500 1362 630 1422 somnus,
654 1345 739 1424 coepi
756 1354 888 1424 reputare
909 1347 1044 1406 maximos
1058 1355 1188 1418 oratores

182 1431 239 1490 hoc
255 1429 339 1490 studii
354 1448 445 1507 genus
458 1438 487 1489 et
501 1431 530 1488 in
544 1428 782 1490 oblectationibus
799 1429 932 1488 babuisse
948 1437 977 1488 et
991 1431 1019 1488 in
1033 1427 1118 1488 laude
1135 1447 1188 1509 po·

156 1515 287 1578 cauisse.
323 1511 433 1574 Intendi
452 1513 572 1574 animum
589 1522 744 1591 contraque
759 1514 921 1591 opinionem
935 1530 1026 1572 meam
1040 1522 1108 1592 post
1126 1513 1188 1574 lon·

182 1616 248 1675 gam
259 1594 475 1657 desuetudinem
485 1612 623 1676 perquam
634 1597 738 1673 exiguo
750 1598 887 1675 temporis
899 1605 1043 1657 momento
1055 1597 1084 1657 id
1094 1600 1189 1675 ipsum
1198 1603 1228 1655 lb

184 1681 260 1760 quod
274 1699 320 1740 mc
331 1679 367 1739 ad
378 1678 559 1739 scribendum
571 1678 775 1740 sollicitaverat
788 1680 832 1741 his
848 1681 978 1740 versibus
996 1683 1124 1741 exaravi:

153 1776 171 1830 6
267 1763 339 1824 Cum
350 1761 439 1824 libros
456 1761 529 1822 Galli
544 1762 681 1839 legerem,
700 1764 802 1841 quibus
817 1763 867 1824 ille
883 1767 993 1843 parenti

267 1865 351 1908 ausus
368 1847 403 1908 de
418 1844 558 1908 Cicerone
575 1846 643 1907 darc
655 1856 700 1907 cst
713 1846 890 1925 palmamque
901 1846 1058 1927 decusque,

266 1931 403 1992 lascivum
416 1931 511 1991 inveni
523 1929 614 1990 lusum
630 1928 780 1990 Ciceronis
788 1940 823 1993 et
835 1931 885 1990 illo

266 2013 451 2096 spectandum
462 2015 587 2093 ingenio,
606 2033 661 2093 quo
675 2016 748 2075 scria
760 2013 884 2074 condidit
898 2024 928 2074 et
942 2031 998 2094 quo
1196 2018 1230 2070 20

209 2176 212 2180 .
266 2100 392 2160 humanis
409 2097 514 2159 salibus
529 2098 617 2158 multo
634 2100 771 2176 varioque
787 2097 888 2177 lepore

265 2200 430 2260 magnorum
442 2181 566 2242 ostendit
577 2191 687 2242 montes
698 2181 823 2259 gaudere
835 2184 969 2241 virorum.

206 2267 208 2272 ’
266 2283 329 2326 nam
343 2267 471 2343 queritur
486 2265 562 2343 quod
577 2265 676 2325 fraude
691 2265 763 2325 mala
776 2264 926 2325 frustratus
941 2275 1077 2326 amantem

266 2348 387 2426 paucula
402 2359 502 2408 cenato
515 2348 569 2409 sibi
586 2348 678 2408 debita
693 2351 769 2408 savia
782 2347 847 2408 Tiro

266 2443 396 2509 tempore
408 2440 547 2492 nocturno
565 2431 742 2492 subtraxerit.
764 2432 808 2492 bis
823 2449 881 2510 ego
896 2431 990 2508 lectis,
1197 2439 1231 2492 25

267 2532 317 2573 cur
330 2515 491 2592 posthaec,
507 2517 630 2593 inquam,
645 2522 758 2574 nostros
775 2515 899 2577 celamus
910 2533 1031 2594 amores,

266 2597 431 2678 nullumque
446 2600 475 2658 in
487 2598 610 2659 medium
626 2597 713 2657 timidi
728 2598 836 2678 damus,
849 2599 942 2678 adque
955 2599 1076 2660 iatemm

266 2681 436 2762 Tironisque
448 2682 541 2761 dolos,
559 2681 669 2743 Tironis
684 2699 771 2742 nosse
791 2682 910 2760 fugaces

265 2765 414 2828 blanditias
434 2776 462 2826 ct
477 2767 550 2828 furta
566 2783 654 2826 novas
670 2765 800 2827 addentia
814 2765 958 2827 flammas?

157 2849 290 2912 lTransii
312 2849 347 2910 ad
362 2850 479 2927 elegos;
497 2849 551 2910 hos
570 2866 684 2929 quoque
706 2867 763 2910 non
779 2853 869 2911 minus
891 2850 1027 2911 celeriter
1047 2847 1232 2928 explicui:30

182 2930 274 2991 addidi
290 2933 376 3010 alios,
403 2932 537 2992 facilitate
560 2941 719 3011 corruptus.
752 2932 864 2994 Deinde
879 2936 908 2993 in
925 2934 1025 2994 urbem
1038 2949 1187 3008 reversus,
1282 2957 1283 2966 ¹

157 3012 328 3077 8sodalibus
339 3015 407 3093 legi.
431 3015 632 3076 Probaverunt.
652 3015 722 3077 lnde
734 3017 815 3094 plura
827 3025 925 3094 metra,
939 3019 963 3077 si
979 3017 1045 3097 quid
1057 3017 1117 3093 otii,
1130 3033 1189 3076 ma·

180 3101 255 3158 xime
270 3100 299 3158 in
313 3101 416 3158 itinere
430 3102 576 3179 temptavi.
608 3099 755 3161 Postremo
770 3101 877 3181 placuit
891 3101 1025 3179 exemplo
1036 3100 1190 3159 multomm

182 3199 266 3242 unum
288 3185 440 3263 separatim
462 3183 765 3260 hendecasyllabomm
784 3185 918 3245 volumen
937 3185 1107 3261 absolvere,
1131 3200 1189 3242 nec

154 3267 315 3344 dpaenitet.
338 3267 463 3345 Legitur,
481 3267 660 3344 describitur,
676 3277 801 3328 cantatm
811 3271 904 3347 etiam,
919 3279 948 3330 et
962 3267 1103 3329 aGmccis
1115 3273 1232 3348 qno-35
1281 3335 1282 3344 χ

182 3367 257 3428 que,
278 3367 350 3429 qnos
363 3350 459 3411 Latine
477 3351 559 3411 huius
578 3351 669 3412 libelli
683 3368 761 3412 amor
775 3351 887 3430 docuit,
903 3370 977 3413 nunc
992 3352 1097 3412 cithara
1111 3367 1189 3411 nunc
1281 3361 1282 3380 ¹

140 3444 174 3497 10
181 3432 243 3509 lyra
254 3444 431 3513 personatur.
465 3434 523 3495 Sed
536 3435 602 3513 quid
617 3451 673 3514 ego
687 3443 742 3495 tam
754 3433 903 3514 gloriose?
925 3434 1099 3513 Quamquam
1112 3441 1188 3515 poe-

182 3520 220 3580 tis
231 3517 327 3581 iurare
339 3535 509 3580 concessum
521 3529 579 3580 est:
602 3529 631 3578 et
646 3529 738 3580 tamen
753 3520 857 3581 nonde
871 3537 936 3580 meo
952 3518 1053 3581 sedda
1068 3517 1190 3580 aliomm
