2580 3970
402 262 664 326 rnnuulnlcus
686 275 729 329 66.
738 274 781 330 67.
788 275 832 330 68.
1055 267 1134 330 281·

115 427 177 496 stu.
202 424 262 477 tuto
284 414 406 494 denique
426 435 548 496 corpore
572 417 656 477 lidesl
690 416 811 478 Tenebit
833 435 904 494 ergo
919 437 1034 498 semper
1050 420 1117 498 quid

115 501 251 577 suaserit,
275 500 406 578 soletque
421 519 491 577 uos,
514 502 646 580 quotiens
662 500 820 561 libertatem
836 519 918 580 quarn
935 501 1012 562 dedit
1027 522 1116 582 expe·

113 587 233 659 riemnr,
258 582 312 642 sibi
330 599 442 660 parere.
465 584 528 645 Nec
541 582 696 644 verendum
711 592 756 645 est
769 603 806 646 ne
823 586 951 646 incautos
968 593 1065 664 putet,
1091 589 1115 647 si

114 666 248 727 fidelitate
264 675 422 744 temporum
436 675 599 728 constanter
614 676 738 744 utamur,
753 684 827 747 quos
843 670 966 728 meminit
978 668 1030 730 sub
1041 669 1115 730 malo

88 751 241 828 opriucipe
260 747 342 810 aliter
355 752 472 811 vixisse.
504 749 675 828 Nuncupare
695 759 761 810 vota
775 761 804 810 et
819 767 872 828 pro
886 755 1051 812 aeternitate
1065 755 1115 811 im·

113 835 185 911 perii
207 841 235 892 et
257 849 310 910 pro
331 832 423 893 salute
438 835 613 912 principum,
636 835 719 892 immo
737 851 788 910 pro
804 834 895 896 salute
910 837 1115 912 principumac

113 925 233 995 propter
248 914 313 975 illos
328 933 381 994 pro
399 919 564 978 aeternitate
580 918 691 995 imperii
705 916 879 978 solebamus.
904 916 983 979 llaec
997 936 1051 997 pro
1065 921 1114 977 im-

111 1001 194 1080 perio
217 1007 314 1060 nostro
336 1001 364 1058 in
388 1018 459 1078 quae
481 1003 536 1062 sint
556 1001 645 1059 verba
661 1009 796 1078 suscepta
811 1017 916 1080 operae
931 1004 1054 1080 pretium
1070 1012 1115 1063 est

111 1082 246 1143 adnotare
270 1084 307 1142 ‘si
327 1083 402 1142 bene
423 1083 641 1163 rempublicam
656 1093 686 1143 et
701 1101 738 1143 ex
751 1083 870 1145 utilitate
887 1087 1009 1145 omnium
1022 1103 1115 1146 reae-

72 1178 103 1229 ιο
112 1169 181 1227 ris'.
204 1165 296 1244 Digna
310 1175 376 1226 vota
391 1184 465 1245 quae
478 1173 594 1246 semper
607 1167 798 1245 suscipiantur
812 1185 985 1247 semperque
1001 1168 1113 1228 solvan-

111 1259 165 1311 tur.
192 1247 260 1328 llgit
276 1268 339 1310 cum
355 1249 409 1310 diis
424 1252 488 1329 ipso
504 1259 533 1310 ιι
548 1258 683 1327 auctore,
706 1247 829 1328 Caesar,
850 1269 898 1312 res
913 1252 1027 1330 publica
1042 1263 1072 1312 ut
1086 1261 1115 1311 ιι

111 1335 252 1411 sospitem
271 1333 499 1412 incolumemque
515 1341 709 1412 praestarent,
735 1336 760 1395 si
780 1344 810 1394 tu
826 1343 942 1395 ceteros
957 1337 1115 1413 praestitis·

111 1435 177 1485 ses;
198 1418 222 1478 si
239 1421 353 1493 contra,
376 1416 417 1476 illi
434 1435 548 1496 quoque
562 1435 579 1476 a
594 1417 722 1476 custodia
737 1419 777 1476 tui
792 1419 893 1495 capitis
909 1418 1010 1480 oculos
1028 1417 1114 1477 dimo-

105 1507 214 1562 'verent
227 1509 314 1578 teque
329 1499 523 1580 relinquerent
537 1502 611 1560 votis
628 1517 701 1578 quae
716 1518 772 1561 nou
788 1501 879 1578 palam
892 1504 1115 1580 susciperentur.

71 1596 101 1648 15
112 1583 168 1644 Alii
183 1601 215 1643 se
231 1585 400 1661 superstites
414 1586 457 1644 rei
473 1583 606 1663 publicae
622 1585 756 1662 optabant
770 1584 986 1664 faciebantquec
1006 1586 1056 1646 tibi
1072 1603 1114 1646 sa·

109 1668 157 1728 lus
172 1677 219 1727 tua
235 1669 325 1727 inrisa
336 1676 398 1745 est,
415 1669 439 1728 si
454 1684 511 1728 nou
526 1669 563 1728 sit
576 1685 638 1726 cum
652 1667 837 1746 reipublicae
849 1668 940 1729 salute
956 1671 1114 1730 coniuncta.

108 1749 187 1811 Nihil
204 1768 256 1829 pro
271 1759 300 1811 te
315 1751 423 1829 pateris
439 1754 546 1830 optari,
561 1753 615 1812 nisi
630 1750 762 1830 expediat
778 1753 956 1830 optantibus,
972 1753 1115 1812 omnibus·

109 1853 168 1913 que
183 1835 262 1896 aunis
276 1837 305 1894 iu
320 1835 469 1894 consilium
484 1835 519 1895 de
534 1845 562 1895 te
578 1834 649 1894 doos
663 1835 765 1910 mittis,
788 1836 939 1914 exigisque
956 1845 987 1895 ut
1002 1844 1116 1896 senten·

108 1921 177 1978 tiam
191 1935 269 1978 suam
284 1925 406 1994 mutent,
424 1921 448 1978 si
464 1919 528 1979 talis
543 1935 610 1978 esse
625 1918 746 1978 desieris
759 1917 849 1995 qualis
864 1919 976 1980 electus
992 1937 1033 1978 es.
1059 1918 1117 1978 Sed

69 2011 101 2064 ιο
110 2003 221 2078 ingenti
237 2003 429 2076 conscientia,
447 1999 571 2077 Caesar,
586 2002 745 2080 pacisceris
760 2000 892 2060 comdiis
907 2011 937 2061 ut
954 2011 1000 2078 to,
1019 2003 1043 2060 si
1058 2019 1116 2060 mc·

107 2086 238 2160 rebaris,
255 2093 389 2162 servent,
407 2102 470 2143 curn
487 2086 562 2146 scias
577 2102 612 2144 an
626 2085 761 2144 merearis
775 2086 915 2144 neminem
930 2087 1019 2162 magis
1034 2102 1117 2163 quarn

109 2170 183 2230 deos
206 2170 291 2228 scire.
324 2167 426 2228 Nonne
445 2168 545 2244 vobis,
570 2177 666 2246 patres
683 2169 855 2245 conscripti,
878 2167 950 2228 baec
965 2167 1065 2227 diebus
1082 2185 1117 2226 ac

108 2252 243 2312 noctibus
257 2253 365 2328 agitare
382 2269 480 2311 secum
495 2247 626 2312 videtur?
649 2255 718 2328 ‘ego
734 2249 847 2330 quidem
862 2253 890 2310 in
903 2268 965 2328 me,
987 2253 1013 2311 si
1030 2253 1117 2309 omni·

108 2355 158 2394 um
178 2335 282 2396 utilitas
304 2337 341 2395 ita
361 2344 516 2414 posceret,
543 2335 627 2394 etiam
642 2334 781 2411 praelecti
795 2351 905 2393 manum
921 2335 1039 2394 armavi:
1065 2333 1117 2394 sed

69 2429 100 2482 ιι
109 2437 148 2479 ne
163 2419 280 2479 deorum
295 2418 409 2496 quidem
421 2429 467 2479 aut
479 2420 546 2478 irarn
557 2426 604 2477 aut
614 2415 825 2494 neglegentiam
837 2417 994 2495 deprecor;
1009 2434 1117 2497 quaeso

109 2506 194 2562 immo
215 2512 245 2562 et
267 2503 398 2562 obtestor
416 2521 453 2563 ne
474 2519 603 2580 umquam
623 2517 675 2580 pro
694 2519 741 2561 me
756 2510 823 2562 vota
839 2521 887 2562 res
903 2501 1018 2580 publica
1033 2503 1118 2562 innita

110 2588 266 2664 suscipiat,
293 2594 340 2646 aut
361 2588 386 2646 si
404 2588 566 2664 susceperit
581 2587 684 2660 iuvita,
710 2602 747 2643 ne
762 2585 888 2645 debeat'.
922 2584 1009 2662 Gapis
1033 2601 1115 2662 ergo,
1128 2594 1170 2657 68

111 2667 237 2745 Caesar,
253 2669 351 2729 salutis
366 2678 432 2731 tuae
450 2669 685 2746 gloriosissimum
700 2666 821 2728 iructum
837 2686 875 2728 ex
889 2685 1032 2728 consensu
1049 2666 1116 2727 deo·

109 2771 182 2814 rum.
209 2751 281 2812 Nam
299 2771 362 2812 cum
380 2755 507 2831 excipias
524 2760 555 2810 ut
570 2752 608 2812 ila
624 2751 736 2810 demum
748 2761 778 2811 te
793 2750 830 2810 dii
845 2761 978 2827 servent,
1002 2753 1027 2810 si
1044 2751 1119 2810 bene

69 2845 173 2900 iorem
187 2836 330 2914 publicam
343 2845 373 2896 ιι
387 2855 425 2897 ex
440 2835 560 2896 utilitate
572 2836 694 2894 onmium
706 2836 834 2911 rexeris,
851 2843 946 2894 certus
957 2853 991 2894 es
1004 2842 1032 2894 te
1044 2834 1119 2893 bene

110 2918 335 2998 rempublicam
359 2938 481 2998 regere,
508 2936 572 2980 cum
592 2926 717 2979 seruent.
756 2917 856 2997 ltaque
878 2935 997 2978 securus
1018 2917 1070 2977 tibi
1091 2925 1120 2976 ιι

111 3003 205 3064 laetus
225 3002 287 3065 dies
310 3005 385 3082 exit,
408 3006 457 3082 qui
477 3005 623 3082 principes
644 3000 716 3063 alios
737 3018 805 3062 cura
819 3011 848 3062 et
864 3011 941 3063 metu
957 3000 1119 3076 distinebat,

112 3105 177 3148 cum
191 3089 326 3166 suspensi
341 3097 370 3148 st
379 3089 491 3147 attoniti
502 3103 659 3166 parumque
672 3086 771 3146 conlisi
783 3087 918 3163 patientia
932 3095 1039 3158 nostra,
1055 3082 1121 3142 hinc

111 3180 198 3250 atque
212 3171 278 3231 inde
293 3169 426 3250 publicae
441 3173 587 3231 seruitutis
598 3171 711 3230 nuntios
723 3176 920 3245 expectarent.
947 3167 992 3227 Ac
1008 3167 1032 3226 si
1047 3165 1120 3226 iorte

69 3259 102 3314 35
112 3254 224 3333 aliquos
237 3254 349 3314 flumina
363 3257 444 3314 nives
455 3255 533 3314 renti
550 3251 784 3333 praepedissent,
800 3255 894 3312 statim
905 3251 961 3312 hoc
972 3247 1042 3311 illud
1054 3269 1121 3312 esse

113 3336 269 3399 credebant
287 3338 364 3417 quod
374 3337 569 3406 merebantur;
585 3355 640 3397 nec
656 3346 716 3397 erat
729 3335 879 3396 discrimen
894 3334 982 3395 ullum
993 3335 1120 3413 pauoris,

111 3431 267 3501 propterea
281 3421 377 3500 quod,
401 3437 465 3482 cnm
487 3438 504 3480 a
525 3420 600 3481 malo
616 3422 747 3498 principe
762 3429 901 3498 tamquam
916 3434 1073 3480 successor
1088 3418 1122 3476 ti·

111 3515 222 3567 meatur
233 3507 362 3586 quisquis
378 3514 423 3565 est
437 3504 566 3583 dignior,
583 3522 647 3565 cum
661 3505 698 3564 sit
710 3518 794 3564 nemo
808 3520 865 3563 non
880 3503 1008 3580 dignior,
1024 3516 1122 3560 omnes
