2580 3978
285 337 287 346 .
385 291 650 354 EPISTULARUM
664 292 688 352 1.
711 301 752 356 13.
771 302 813 356 14.
1064 289 1103 354 13

98 447 163 507 tiam
179 463 270 506 meam
290 444 533 506 exhortationihus
550 444 672 524 foverit,
698 447 801 526 quibus
822 446 906 507 etiam
922 435 1052 506 laudibus
1074 455 1104 506 ut

97 528 251 592 laudandus
268 527 384 591 viderer
400 529 539 590 effecerit.
574 529 650 590 Nihil
665 529 801 610 estquod
818 537 879 589 ate
896 529 1019 589 mandari
1035 528 1126 591 mihin
1148 579 1149 582 ι

98 623 145 674 aut
157 614 246 674 mains
263 623 310 674 ant
323 613 441 692 gratius,
457 612 525 673 nihil
538 613 614 691 quod
628 614 775 675 honestius
790 631 806 674 a
820 631 866 674 me
883 614 993 691 suscipi
1010 614 1104 692 possit

98 715 181 777 quam
194 707 226 758 ut
241 696 345 776 eligam
356 699 489 758 iuvenem
499 715 536 757 ex
548 715 605 777 quo
619 699 698 760 nasci
709 707 831 777 nepotes
842 695 970 757 Aruleno
982 694 1103 758 Rustico

77 783 211 842 edoceat.
247 779 302 853 Qui
320 780 433 860 quidem
454 780 500 841 diu
521 777 700 859 quaerendus
721 781 840 860 inisset,
869 781 923 840 nisi
939 788 1052 859 paratus
1075 788 1129 844 etd

98 865 179 946 quasi
191 865 324 944 provisus
341 874 421 926 esset
435 863 566 925 Minicius
580 864 744 944 Acilianos,
767 866 814 944 qui
831 883 877 924 me
891 873 922 924 ut
936 865 1046 924 iuvenis
1060 864 1102 923 iu·

96 967 202 1009 venem
224 950 284 1028 (est
305 950 379 1008 enim
398 951 490 1009 minor
510 948 640 1029 pauculis
656 952 750 1031 annis)
766 948 983 1009 familiarissime
999 947 1101 1026 diligit,

97 1042 248 1095 reveretur
262 1042 292 1093 ut
308 1050 416 1093 senem.
452 1030 523 1094 Nam
543 1034 581 1094 ita
594 1033 709 1094 formari
723 1052 739 1095 a
753 1051 799 1093 me
814 1042 844 1093 et
857 1033 964 1094 institui
980 1034 1058 1112 cupit
1072 1041 1103 1093 ut

98 1134 155 1195 ego
170 1118 284 1178 avobis
299 1116 437 1178 solebam.
459 1115 550 1177 Patria
565 1126 610 1178 est
625 1119 652 1178 ei
669 1117 762 1178 Brixia
777 1135 816 1178 cx
828 1116 877 1177 illa
895 1125 992 1178 nostra
1008 1114 1127 1196 ltaliae

59 1207 171 1280 loquae
189 1199 306 1262 multum
325 1201 418 1262 adhuc
434 1199 643 1279 verecundiae,
665 1201 834 1279 frugalitatis
854 1209 940 1278 atque
958 1202 1042 1260 etiam
1056 1218 1102 1260 ru·
1207 1212 1215 1229 ·

98 1285 230 1348 sticitatis
244 1287 376 1364 antiquae
392 1286 497 1346 retinet
510 1302 544 1346 ao
563 1293 670 1345 servat.
701 1284 785 1345 Pater
800 1284 930 1345 Minicius
945 1282 1125 1361 Macrinus‚5

98 1370 243 1448 equestris
265 1369 371 1429 ordinis
386 1370 539 1448 princeps,
563 1371 628 1448 quia
647 1368 716 1429 nihil
738 1367 822 1430 altius
837 1367 942 1428 uoluit:
971 1366 1100 1429 adlectus

98 1455 174 1514 eninr
188 1471 204 1513 a
218 1453 284 1514 diro
294 1452 474 1530 Vespasiano
486 1455 560 1514 inter
571 1453 730 1532 praetorios
741 1452 890 1514 honestam
900 1453 1025 1531 quietem
1036 1451 1102 1513 huic

97 1545 213 1597 nostrae
229 1537 372 1598 ambitioni
393 1537 484 1598 dicam
503 1555 539 1598 an
560 1536 687 1615 dignitati
711 1538 939 1598 constantissime
959 1534 1101 1615 praetulit.

59 1631 90 1685 15
96 1619 191 1682 Habet
211 1621 300 1681 aviam
322 1632 473 1683 maternam
494 1620 642 1681 Serranam
658 1621 806 1681 Proculam
821 1641 839 1682 c
854 1621 1008 1699 municipio
1023 1618 1126 1681 Pata-6

97 1705 173 1765 vino.
197 1703 352 1766 Nosti'loci
365 1722 476 1766 mores:
491 1705 613 1765 Serrana
627 1715 721 1766 tamen
734 1705 874 1787 Patavinis
888 1721 1003 1783 qnoque
1018 1723 1102 1765 seve·
1179 1695 1184 1708 '

97 1791 188 1850 nitatis
203 1788 366 1869 exemplum
380 1799 436 1851 ost.
458 1786 584 1868 Contigit
599 1798 629 1850 ct
642 1787 798 1850 avunculus
812 1790 839 1851 ei
853 1788 883 1850 P.
897 1787 1022 1866 Acilius,
1038 1806 1102 1866 gra-

97 1875 186 1935 vitate
202 1872 353 1961 prudentia
376 1873 431 1934 lide
452 1890 545 1953 prope
566 1871 711 1952 singulari.
740 1873 773 1933 ln
785 1891 907 1951 summa,
922 1871 991 1932 nihil
1006 1874 1060 1932 erit
1074 1875 1102 1931 in

98 1957 185 2019 domo
205 1966 265 2019 tcta
285 1956 362 2036 quod
380 1975 438 2017 non
460 1956 511 2018 tibi
532 1966 672 2037 tamquam
694 1959 723 2016 in
746 1967 793 2018 tua
813 1956 937 2037 placeat.
969 1955 1126 2017 Acilianoi

57 2057 168 2109 novero
183 2043 239 2122 ipsi
255 2039 404 2122 plurimum
419 2042 528 2120 vigoris
549 2041 720 2120 industriae,
750 2059 917 2121 quamquam
935 2041 964 2098 in
984 2041 1103 2101 maxima

97 2126 282 2187 verecundia.
321 2123 507 2197 Quaesturam
527 2126 698 2186 tribunatum
716 2135 876 2204 praeturam
900 2121 1103 2184 honestissime

97 2211 279 2291 percucurrit
300 2228 335 2270 ac
352 2211 406 2270 iam
419 2226 473 2289 pro
494 2228 527 2272 se
541 2208 593 2269 tibi
611 2211 815 2270 necessitatem
829 2206 968 2268 ambiendi
984 2207 1101 2267 remisit.

96 2294 152 2356 Est
165 2294 207 2355 illi
222 2294 313 2355 iacies
328 2291 467 2372 liberalis,
482 2293 571 2354 multo
586 2293 741 2372 sanguine,
757 2290 846 2354 multo
862 2290 1127 2370 incommissas

97 2389 144 2440 est
164 2381 288 2458 ingenua
308 2379 395 2439 totins
417 2379 547 2458 corporis
567 2377 749 2459 pulchritudo
767 2387 797 2438 et
817 2376 928 2457 quidam
942 2376 1102 2438 senatorius

56 2464 198 2533 25dec0r.
223 2462 304 2536 Quae
319 2479 376 2541 ego
389 2479 567 2542 nequaquam
581 2463 703 2523 arbitror
715 2460 911 2540 neglegenda:
928 2459 1014 2521 debet
1029 2461 1104 2520 enim

96 2538 287 2610 lroo'castitati
301 2545 458 2627 puellarum
471 2548 552 2626 quasi
561 2547 716 2627 praemium
727 2546 795 2607 dari.
815 2544 924 2606 Nescio
936 2562 971 2605 an
983 2543 1126 2606 adiciam9

97 2651 166 2695 esse
183 2634 256 2712 patri
270 2633 333 2692 eius
347 2630 455 2710 amplas
470 2630 632 2693 facultates.
654 2629 725 2692 Nam
737 2648 801 2690 cunr
817 2630 955 2707 imaginor
968 2645 1022 2690 ros
1042 2629 1104 2706 qui-

95 2718 152 2778 bus
168 2717 331 2796 quaerimus
346 2732 500 2793 generum,
523 2713 664 2776 silendum
680 2715 716 2776 de
731 2713 912 2775 facultatibus
927 2722 1013 2789 puto:
1041 2729 1105 2772 cnm

95 2800 232 2881 publicos
247 2817 342 2862 mores
354 2808 441 2879 atquc
456 2801 541 2861 ctiam
554 2798 640 2877 leges
654 2799 774 2860 civitatis
791 2799 915 2875 intueor,
929 2813 1002 2874 quae
1016 2794 1065 2856 vel
1076 2796 1105 2854 in

56 2887 196 2965 septimis
211 2902 317 2947 census
337 2883 480 2944 hominnm
493 2883 668 2964 spectandos
685 2884 870 2958 arbitrantur,
891 2889 928 2940 nc¹
947 2879 976 2940 id
990 2878 1105 2958 quidem

96 2967 337 3048 praetereundum
354 2967 475 3028 videtur.
509 2965 547 3028 Et
563 2986 633 3030 sane
654 2967 691 3028 dc
711 2967 837 3046 posteris
857 2964 953 3026 ethis
975 2963 1104 3044 pluribus

98 3054 237 3132 cogitanti
256 3052 304 3113 hic
325 3069 440 3132 quoque
455 3053 483 3112 in
499 3051 707 3118 conditionibus
723 3049 883 3129 deligendis
895 3047 1044 3128 ponendus
1060 3057 1105 3108 est

96 3135 237 3199 calculus.
258 3135 300 3197 'ln
314 3136 438 3199 fortasse
449 3145 495 3197 nis
511 3145 596 3215 putes
609 3135 763 3197 indulsisse
777 3135 865 3206 arnori
878 3151 948 3214 mco!
960 3148 1105 3212 supraque
1114 3142 1148 3196 1⁰

95 3223 151 3284 ista
163 3239 247 3300 mam
263 3239 312 3281 res
326 3222 431 3299 patitur
444 3218 604 3282 sustulisse.
641 3220 680 3281 At
696 3237 753 3297 ego
770 3218 825 3279 lide
839 3235 903 3279 mea
917 3216 1047 3296 spondeo
1060 3214 1105 3274 in-

59 3313 189 3367 taurum
205 3314 236 3364 ut
253 3306 345 3365 omnia
364 3304 452 3382 longe
472 3305 608 3384 ampliora
623 3323 736 3384 quamn
752 3322 798 3364 me
812 3300 1012 3382 praedicantur
1024 3301 1104 3360 inve·

97 3392 167 3450 nias.
190 3387 289 3468 Diligo
302 3389 415 3469 quidem
426 3388 641 3450 adulescentem
652 3387 860 3464 ardentissime,
877 3386 951 3446 sicut
964 3393 1104 3453 meretum

99 3473 151 3536 sed
166 3473 223 3534 hoc
238 3475 331 3553 ipsum
348 3475 463 3535 amantis
478 3483 535 3554 est,
549 3491 606 3535 non
622 3490 820 3544 oneraraeum
834 3469 974 3531 laudibus.
1004 3465 1085 3529 Vale.
