2604 3972
277 228 543 336 arrsuunnnon
556 231 984 312 eremum]racemum]
1070 234 1131 296 sou

125 397 182 441 non
200 390 309 442 temero
330 381 397 442 dare
420 384 569 463 proposui.
600 382 659 443 Sed
679 401 741 444 cum
762 382 947 464 llarpocrati,
972 384 1132 465 iatraliptae

124 473 190 543 tuo,
211 467 266 525 iam
284 466 428 527 civitatem
442 465 595 528 llomanam
614 468 821 547 inpetraveris,
845 468 911 530 huic
927 486 1042 548 quoque
1059 472 1132 549 peti·

124 549 193 608 tioni
209 558 277 610 tuae
298 566 477 628 negarenon
499 553 636 612 sustineo.
670 550 712 611 Tu
734 570 771 612 ex
792 570 850 632 quo
870 569 956 613 nomo
977 555 1015 615 sit
1035 560 1132 614 notum

123 632 190 692 tubi
205 631 303 693 iacere
319 632 458 713 debebis,
480 644 511 695 ut
533 634 684 714 epistulam
700 636 751 697 tibi
765 636 800 696 ad
814 635 981 718 Pompeium
996 636 1130 716 Plantam,

96 715 301 795 spraeiectum
317 715 454 797 Aegypti,
471 720 590 778 amicum
603 737 708 797 meum,
724 721 838 781 mittam.

507 851 582 914 vur.
604 852 749 933 [uxum]

344 951 371 1001 G.
390 949 516 1002 PLINIUS
533 951 677 1002 TRAIANO
695 950 904 1004 IMPERATORI.

188 1051 261 1113 Cum
274 1053 356 1113 dirus
371 1062 454 1133 pater
469 1062 552 1132 tuus,
568 1053 692 1132 domine,
710 1062 739 1114 ct
755 1055 881 1114 oratione
894 1053 1085 1134 pulcherrima
1100 1064 1155 1120 etl

81 1136 327 1206 10bonestissimo
344 1137 478 1217 exemplo
493 1155 591 1199 omncs
605 1139 686 1198 ciues
701 1137 736 1196 ad
753 1138 973 1199 munificentiam
988 1146 1067 1200 esset
1083 1155 1131 1198 co·

123 1221 268 1299 hortatus,
287 1222 358 1298 petii
371 1221 406 1282 ab
425 1239 460 1282 eo
478 1232 509 1281 ut
524 1229 630 1283 statuas
649 1223 826 1301 principum,
843 1239 912 1300 quas
927 1224 956 1281 in
969 1222 1131 1300 longinquis

123 1305 200 1383 agris
216 1303 383 1383 perplures
404 1307 609 1366 successiones
625 1304 740 1366 traditas
755 1305 823 1364 milri
841 1304 940 1383 quales
961 1323 1131 1385 acceperam

125 1387 335 1466 custodiebam,
353 1390 531 1468 permitteret
546 1391 576 1450 in
589 1389 772 1468 municipium
784 1388 938 1449 transferre
953 1389 1064 1449 adiecta
1078 1406 1129 1448 sua

124 1481 224 1533 statua.
256 1471 341 1546 Quod
360 1472 473 1553 quidem
495 1470 544 1532 ille
565 1473 633 1532 mihi
649 1489 713 1532 cum
727 1471 895 1552 plenissimo
910 1474 1072 1534 testimonio
1088 1473 1156 1533 inb

82 1555 264 1625 15dulserat;
286 1573 343 1635 ego
365 1558 457 1617 statim
478 1556 679 1618 decurionibus
702 1559 875 1636 scripseram
899 1567 929 1617 ut
949 1557 1132 1636 adsignarent

124 1639 218 1702 solum
238 1641 267 1700 in
288 1657 346 1720 quo
366 1640 502 1719 templum
522 1643 645 1721 pecunia
666 1659 728 1700 mea
744 1651 923 1712 astruerem
943 1640 984 1702 illi
999 1644 1027 1701 in
1042 1641 1132 1701 bono-

124 1742 186 1785 rem
203 1725 301 1804 operis
321 1726 414 1804 ipsius
436 1724 611 1785 electionem
631 1724 690 1785 loci
709 1725 776 1785 mibi
793 1724 964 1787 obtulerant.
994 1725 1053 1786 Sed
1074 1727 1157 1805 pri-3

125 1826 200 1868 mum
211 1824 289 1884 mea,
314 1807 417 1869 deinde
438 1811 525 1888 patris
542 1809 583 1869 tui
599 1808 769 1887 valitudine,
792 1819 897 1890 postea
914 1811 989 1870 curis
1005 1808 1130 1886 delegati

125 1891 242 1953 anobis
259 1891 347 1952 oflicii
369 1901 514 1969 retentus,
536 1911 610 1953 nunc
627 1893 729 1953 videor
750 1893 978 1954 commodissime
999 1891 1131 1973 possein

81 1985 116 2040 20
125 1995 186 2037 rem
202 1985 382 2056 praesentem
397 1994 562 2037 excurrere.
593 1974 664 2036 Nam
683 1985 713 2036 et
733 1987 906 2037 menstruum
919 1995 1015 2037 meum
1028 1974 1132 2036 Kalen·

125 2059 170 2121 dis
186 2059 401 2140 Septembribus
417 2061 510 2120 linitur
526 2068 557 2120 et
575 2077 701 2139 sequens
714 2061 823 2121 mensis
840 2058 994 2139 conplures
1009 2059 1071 2120 dies
1089 2057 1132 2118 ic·

124 2147 212 2206 riatos
230 2143 324 2204 habet.
346 2143 432 2222 llogo
448 2160 519 2222 ergo
535 2153 600 2204 ante
615 2145 708 2203 omnia
721 2149 868 2222 permittas
882 2143 950 2203 mihi
965 2161 1038 2221 opus
1055 2141 1157 2221 quodi

123 2228 309 2290 inchoaturus
323 2247 385 2289 sum
401 2245 543 2289 exornare
558 2236 588 2288 et
602 2235 650 2286 tua
665 2235 766 2303 statua,
783 2227 898 2305 deinde,
913 2237 945 2288 ut
961 2227 1019 2288 boc
1033 2227 1131 2287 iacere

125 2330 209 2392 mam
224 2313 412 2373 maturissime
428 2313 547 2392 possim,
562 2310 712 2389 indulgeas
729 2321 925 2372 commeatum.
944 2310 1009 2372 lion
1025 2319 1071 2372 cst
1085 2312 1157 2370 au·5

82 2402 116 2456 25
125 2406 184 2459 tem
199 2396 389 2476 simplicitatis
403 2412 484 2457 meae
498 2395 675 2457 dissimulare
688 2395 763 2474 apud
777 2394 933 2458 bonitatem
948 2403 1023 2457 tuam
1040 2394 1134 2455 obiter

124 2488 155 2542 tc
169 2480 321 2561 plurimum
336 2480 511 2542 conlaturum
526 2479 693 2541 utilitatibus
708 2479 751 2540 rei
768 2478 912 2541 familiaris
926 2498 1017 2541 meae.
1039 2478 1132 2558 Agro-

123 2584 187 2625 rum
202 2567 275 2625 enim
296 2583 369 2646 quos
391 2565 419 2625 in
440 2564 541 2626 eadem
555 2565 676 2642 regione
691 2563 829 2641 possideo
842 2563 965 2643 locatio,
985 2582 1048 2624 cum
1063 2563 1132 2624 alio·

125 2651 174 2730 qui
190 2645 290 2711 0000
306 2649 445 2727 excedat,
468 2648 541 2709 adeo
557 2664 614 2708 non
629 2657 727 2725 potest
742 2647 849 2709 dib‘erri
864 2656 894 2708 ut
909 2650 1066 2728 proximam
1081 2663 1132 2723 pu·

110 2735 261 2798 ‚tationem
287 2750 378 2794 novus
402 2733 523 2794 colonus
546 2731 644 2794 lacere
667 2730 779 2791 debeat.
810 2730 962 2793 Praeterea
984 2732 1133 2792 continuae
1247 2763 1253 2772 -

81 2817 294 2886 sosterilitates
316 2825 424 2896 cogunt
443 2835 489 2878 me
512 2815 549 2877 dc
563 2815 779 2877 remissionibus
793 2817 934 2894 cogitare;
959 2832 1075 2895 quarum
1089 2831 1133 2874 ra·

123 2905 232 2963 tionem
248 2903 304 2964 nisi
319 2920 457 2981 praesens
474 2902 546 2962 inire
561 2918 617 2961 non
633 2917 760 2980 possum.
777 2898 900 2961 llebebo
912 2917 994 2978 ergo,
1008 2898 1157 2975 domine,6

122 2985 320 3064 indulgentiae
342 2996 407 3047 tuae
429 2994 458 3046 et
479 2987 595 3066 pietatis
613 3003 695 3046 meae
717 2983 895 3046 celeritatem
910 2993 940 3045 et
953 2993 1043 3046 status
1059 2982 1133 3042 ordi·

122 3071 284 3149 nationem,
313 3073 337 3132 si
358 3069 425 3129 mibi
445 3069 482 3130 ob
503 3076 622 3150 utraque
644 3068 718 3129 baec
741 3067 855 3131 dederis
877 3076 1064 3130 commeatum
1084 3067 1134 3126 tri·

123 3157 204 3234 ginta
225 3153 342 3216 dicrum.
373 3152 477 3233 Neque
498 3155 573 3214 enim
593 3155 741 3231 angustius
763 3161 876 3232 tempus
897 3153 1047 3232 praefinire
1065 3165 1133 3228 pos·

82 3248 201 3316 basum,
223 3257 286 3301 oum
302 3247 331 3298 et
350 3239 533 3318 municipium
551 3247 580 3298 et
594 3239 655 3316 agri
676 3236 712 3298 de
734 3236 836 3317 quibus
860 3236 964 3316 loquor
985 3237 1041 3297 sint
1061 3232 1134 3295 ultra

126 3324 315 3385 centesimum
329 3331 359 3384 et
373 3322 638 3404 quinquagesimum
654 3320 786 3400 lapidem.
