2604 3972
176 258 240 322 212
481 249 702 315 caunum
723 246 880 311 ramnus

339 438 409 536 p„
555 400 799 484 xu.[xuvn11.]

515 503 681 556 TRAIANUS
698 501 806 555 pulmo
821 500 848 556 S.

154 613 170 666 1
242 589 317 666 Quid
333 600 464 672 oporteat
486 591 547 650 lieri
567 591 644 651 circa
664 588 804 650 theatrum
826 585 903 667 quod
927 584 1090 646 inchoatum
1109 585 1186 664 apud

179 674 356 738 Nicaeenses
376 686 421 738 est
442 677 470 735 in
490 692 523 734 re
546 675 690 754 praesenti
712 673 819 752 optime
841 668 1015 732 deliberabis
1032 678 1063 730 et
1080 671 1187 731 consti·

134 809 136 814 .
178 770 253 824 tues.
286 759 355 820 dlihi
373 759 498 821 sulliciet
515 758 631 818 indicari
653 758 698 817 cui
718 757 878 817 sententiae
899 755 1072 817 accesseris.
1105 752 1211 815 'iunco

179 853 303 904 autema
319 845 435 923 privatis
447 843 526 920 exigi
541 859 630 921 opera
645 841 697 902 tibi
716 858 802 900 curae
817 840 866 919 sit,
883 838 1107 915 cumtheatrum‚
1119 855 1187 917 pro·

153 937 244 1008 optor
260 927 336 1007 quod
355 926 405 988 illa
424 927 564 1005 promissa
583 934 663 1003 sunt,
688 923 793 984 lactum
815 925 878 984 erit.
913 919 1072 998 Gymnasiis
1092 920 1188 982 indul·

180 1021 250 1091 gent
270 1008 419 1080 Graeculi3
442 1010 509 1071 ideo
530 1009 649 1071 forsitan
671 1006 849 1071 Nicaeenses
873 1008 979 1067 maiore
1002 1008 1095 1066 animo
1119 1021 1188 1065 oon·

179 1097 366 1156 structionem
386 1097 449 1158 eius
471 1093 602 1172 adgressi
621 1102 700 1153 sunt:
723 1091 776 1153 sed
797 1100 912 1171 oportet
930 1089 998 1152 illos
1016 1108 1053 1151 eo
1068 1099 1188 1152 conten·

152 1188 225 1248 atos
240 1197 307 1241 esse
324 1179 400 1258 quod
414 1180 507 1259 possit
518 1177 560 1239 illi
574 1176 719 1239 sufficere.
749 1174 822 1248 Quid
842 1172 1094 1254 Claudiopolitanis
1110 1175 1188 1236 circa
1197 1173 1228 1226 1⁰

180 1262 341 1343 balineum,
360 1264 436 1344 quod
452 1280 568 1343 parunt,
584 1271 615 1322 ut
630 1262 750 1338 scribis,
767 1259 873 1321 idoneo
887 1258 955 1320 loco
969 1258 1187 1337 inchoaverunt,

180 1347 353 1408 suadendum
373 1351 410 1410 sit
427 1358 457 1409 tn
479 1349 646 1409 constitues.
675 1343 834 1406 Architecti
854 1344 906 1405 tibi
927 1345 1032 1405 deesse
1047 1358 1105 1403 non
1119 1359 1188 1422 pos-

180 1441 256 1492 sunt.
287 1431 372 1492 Nulla
394 1433 541 1511 provincia
562 1440 608 1492 est
622 1447 695 1509 quae
710 1445 767 1489 non
780 1430 892 1508 peritos
909 1437 939 1489 et
952 1429 1120 1506 ingeniosos
1135 1427 1188 1488 ho·

139 1507 146 1521 ’
179 1515 270 1576 mines
284 1514 403 1585 habeat;
425 1515 511 1576 modo
531 1534 568 1576 ne
590 1515 738 1575 existimes
753 1513 869 1574 brevius
883 1530 951 1574 esse
966 1513 1003 1574 ab
1017 1512 1088 1573 urbe
1101 1513 1187 1591 mitti,

182 1615 245 1658 cum
259 1615 296 1658 ex
312 1596 430 1660 Graecia
449 1601 533 1662 etiam
549 1598 585 1659 ad
601 1615 655 1659 nos
668 1599 767 1682 venire
784 1596 863 1658 soliti
878 1599 944 1658 sint.
1197 1589 1228 1643 1⁵

610 1710 683 1773 ΧΗ.
742 1755 750 1770 .

167 1773 274 1897 (ἢ
404 1812 433 1864 c.
449 1810 576 1864 PLINIUS
592 1711 739 1864 ramnus&
751 1713 968 1864 lmemnonem.

158 1923 173 1974 1
197 1909 368 1976 *intuenti
381 1913 450 1975 mihi
465 1923 494 1975 et
509 1913 639 1976 fortunae
660 1925 725 1977 tuae
746 1926 775 1978 et
789 1916 872 1976 animi
886 1913 1106 1993 magnitudinem
1121 1928 1190 1973 con·

180 1999 423 2060 uenientissimum
437 1997 551 2059 uidetur
571 1999 758 2062 demonstrari
779 2017 868 2080 opera
887 2017 944 2060 non
960 1999 1051 2060 minus
1065 1999 1229 2058 amomi-td

180 2092 240 2144 tate
257 2093 304 2144 tua
326 2100 410 2162 quarn
426 2081 518 2162 gloria
539 2083 624 2162 digna
645 2093 836 2164 quantumque
851 2082 1068 2164 pulchritudinis
1083 2090 1191 2142 tanturn

155 2167 308 2230 nuntiatis
329 2166 466 2228 habitura.
502 2166 555 2229 Est
574 2170 603 2228 in
618 2168 867 2230 Nicomedensium
882 2168 983 2229 linibus
998 2164 1190 2246 amplissimus

182 2250 276 2313 lacus:
293 2268 347 2331 per
362 2251 438 2313 hunc
454 2268 591 2313 marmora
607 2251 716 2314 lruotus
730 2252 808 2332 ligna
818 2253 953 2314 materiae
964 2260 994 2314 et
1005 2259 1120 2329 sumptu
1129 2267 1191 2310 mo·

182 2334 295 2396 diceet
316 2334 416 2396 labore
443 2354 536 2413 usque
559 2335 595 2396 ad
614 2337 688 2396 mam
707 2337 844 2414 nauibus,
868 2335 935 2398 inde
954 2351 1057 2414 magno
1076 2333 1190 2411 labore,

182 2420 289 2478 maiore
303 2418 439 2494 inpendio
455 2417 597 2480 vehiculis
611 2419 646 2480 ad
661 2438 737 2481 mare
749 2419 927 2482 devehuntur
928 2461 1023 2480 .....
1038 2417 1103 2479 lloc
1114 2435 1189 2498 opus
1198 2427 1229 2480 tt

182 2500 284 2562 multas
306 2517 404 2562 manus
422 2502 536 2580 poscit:
562 2511 591 2562 at
612 2520 665 2564 eae
685 2519 772 2582 porro
792 2520 849 2566 non
869 2503 981 2568 desunt.
1018 2501 1090 2563 llam
1110 2511 1141 2563 et
1162 2504 1191 2562 in

182 2586 259 2664 agris
279 2601 381 2663 magna
404 2586 489 2665 copia
509 2594 555 2647 est
570 2585 714 2648 bominum
729 2598 759 2649 et
774 2590 891 2649 maxima
905 2590 933 2648 in
949 2588 1082 2664 ciuitate,
1098 2595 1191 2647 certa·

182 2687 239 2749 que
259 2686 328 2748 spes
352 2686 451 2732 omnes
471 2669 661 2734 libentissime
679 2672 868 2750 adgressuros
892 2690 965 2752 opus
987 2671 1117 2733 omnibus
1131 2669 1192 2732 nu·

156 2759 337 2817 actuosum.
358 2755 499 2834 Superest
521 2765 552 2816 ut
567 2764 599 2818 tu
620 2755 783 2817 libratorem
803 2755 851 2817 uel
871 2756 1073 2830 architectum,
1096 2755 1122 2816 si
1139 2753 1193 2816 tibi

182 2837 335 2916 uidebitur,
351 2841 444 2901 mittas
461 2841 509 2918 qui
523 2837 677 2918 diligenter
690 2839 823 2920 exploret
837 2841 912 2903 sitne
923 2840 1003 2901 lacus
1013 2837 1098 2900 altior
1108 2839 1190 2915 mari,
1200 2847 1233 2905 eo

182 2939 268 3000 quem
282 2923 406 2984 artifices
421 2924 548 3001 regionis
561 2923 645 2984 huius
661 2924 843 3004 quadraginta
857 2925 960 2987 cubitis
975 2922 1107 2986 altiorem
1121 2939 1192 2984 esse

156 3004 368 3065 docntendunt.
401 3005 466 3083 ldgo
488 3023 542 3085 per
559 3007 658 3068 eadem
676 3008 742 3070 loca
755 3011 869 3071 invenio
886 3009 994 3071 lessam
1007 3025 1025 3068 a
1037 3024 1111 3086 rege
1124 3023 1192 3085 per·

185 3104 312 3150 cussum:
334 3089 386 3150 sed
400 3090 540 3150 incertum
560 3101 652 3154 utrum
669 3093 705 3154 ad
720 3091 912 3173 colligendum
927 3107 1054 3154 umorem
1070 3092 1192 3152 circnm-

183 3173 335 3233 iacentium
343 3190 476 3252 agrorum
484 3192 521 3236 an
531 3176 566 3237 ad
578 3177 807 3241 committendum
817 3177 921 3238 damini
932 3176 1036 3238 lacum.
1050 3173 1106 3237 Est
1116 3176 1193 3236 enim

183 3256 355 3335 inperfecta;
376 3257 433 3319 hoc
445 3275 560 3339 quoque
572 3261 703 3339 dubium,
716 3263 878 3341 intercepto
888 3279 961 3340 rege
973 3259 1144 3322 mortalitate
1156 3262 1232 3320 andt

159 3340 341 3418 sdespsrato
361 3344 458 3423 operis
475 3344 592 3406 ellectu.
627 3345 686 3406 Sed
696 3345 753 3409 hoc
768 3347 835 3425 ipso
847 3345 941 3425 (feres
954 3346 1029 3406 onim
1041 3361 1088 3405 me
1103 3343 1194 3421 ambi·

185 3426 290 3487 tiosum
307 3442 360 3504 pro
373 3436 421 3490 tua
435 3426 543 3508 gloria)
563 3430 666 3492 incitor
687 3440 717 3491 et
730 3429 875 3492 accendor
887 3439 918 3491 ut
933 3429 1045 3511 cupiam
1058 3428 1162 3508 peragi
1177 3443 1194 3486 a

184 3517 215 3570 te
231 3529 304 3590 quae
320 3520 426 3574 tentum
441 3522 598 3592 coeperant
612 3532 709 3594 reges.
