2584 3972
368 245 631 318 EPISTULARUM
644 255 694 318 ill.
718 268 760 320 ro.
778 269 819 320 11.
838 267 879 321 12.
1085 258 1126 324 57

124 409 279 468 adlicorum
292 411 321 468 in
334 411 428 468 maius
437 408 569 469 extollat:
585 409 650 470 inde
666 411 749 470 etiam
761 425 855 470 meum
869 413 1000 473 meritum
1013 421 1044 472 ut
1058 429 1127 471 vera

122 495 161 554 ita
183 497 271 570 supra
290 495 420 552 meritum
442 493 653 571 praedicatione
675 493 846 554 circumfert.
882 492 1039 574 liquidem,
1063 508 1152 560 cumi

123 584 224 638 essent
243 575 408 654 philosophi
429 578 465 636 ab
486 577 557 638 uihe
578 579 725 656 summoti,
748 573 789 636 lui
804 578 879 657 apud
892 578 970 638 illum
983 582 1012 638 in
1027 579 1127 640 sahar-

122 662 215 736 bano,
238 668 267 720 et
283 677 339 739 cpio
355 660 524 739 notabilius,
540 661 597 722 ho'c
612 670 658 722 est
670 661 861 740 periculosius
877 670 972 740 esset,
991 662 1031 721 lui
1045 679 1126 741 prae·

97 745 176 814 stoi.
207 741 359 804 Pecuniam
374 745 475 822 etiam,
492 749 547 824 qua
560 753 626 806 taric
640 745 681 804 illi
696 745 833 889 ampliore
849 759 923 825 opus
938 756 1016 823 erat,
1031 753 1061 806 ut
1075 763 1126 806 aes

121 828 245 900 alienum
259 827 425 888 exsatiaret
439 834 613 889 conuactttm*
622 839 660 890 ex
671 829 738 906 pulc
759 831 869 890 errimist
881 831 985 909 causis,
1000 845 1126 889 mussan-

122 912 198 973 tibus
219 913 330 990 magilis
350 912 517 990 quibusdam
539 922 568 973 ct
588 913 780 992 locupletibus
796 913 894 974 ainicis
909 915 1048 974 mutuatus
1061 915 1126 993 ipse

121 996 270 1074 gratuitam
283 994 357 1056 dedi.
380 995 483 1075 idque
498 996 570 1057 haec
586 997 656 1074 ieci,
674 1004 737 1056 cum
752 1007 865 1140 septam
879 1001 978 1058 amicis
992 999 1064 1058 meis
1079 1002 1151 1058 autb

122 1080 230 1140 occisis
245 1085 292 1138 aut
305 1079 458 1157 relegatis,
482 1081 587 1140 occisis
604 1081 765 1142 Senecione
806 1083 900 1141 ustico
914 1079 1062 1157 lielvldio,
1079 1099 1125 1140 re-

78 1163 226 1240 relegatis
241 1161 367 1223 Maurico
383 1161 497 1224 Gratilla
511 1163 594 1225 Arria
606 1164 726 1242 Fannia,
749 1174 792 1225 tot
811 1167 888 1226 circa
907 1183 953 1226 me
973 1166 1054 1226 iactis
1071 1164 1125 1223 iul·

121 1247 242 1306 minibus
264 1249 345 1325 quasi
366 1246 511 1308 ambustus
533 1249 600 1308 mihi
620 1253 734 1328 quoque
749 1249 905 1327 inpendere
920 1249 995 1309 idem
1010 1251 1125 1309 exitium

122 1332 208 1390 certis
232 1317 402 1409 quibusdam-
418 1332 494 1393 noti's
514 1333 675 1410 aug'uraibr.
707 1329 772 1391 Non
791 1331 857 1392 ideo
878 1340 973 1392 tamen
995 1331 1150 1392 eximiamd

120 1413 241 1492 gloriam
254 1416 395 1474 meruisse
409 1420 467 1494 nic,
483 1423 514 1475 ut
528 1415 577 1476 ille
591 1413 748 1495 praedicat,
766 1415 853 1476 credo
869 1416 921 1476 ssd
934 1425 1039 1476 tantum
1054 1415 1124 1475 effu-

120 1497 200 1575 gisse
215 1497 359 1576 flagitium.
381 1497 736 1578 nomenculatorum,
754 1511 886 1560 socerum
903 1501 976 1578 eius,
993 1501 1150 1579 quanmm

84 1579 229 1649 oblidltuin
245 1589 290 1642 est
304 1584 358 1662 pdl
373 1586 512 1663 aetatem,
536 1598 599 1644 cum
619 1585 801 1645 admiratione
817 1583 905 1645 dilexi
920 1591 950 1644 et
963 1583 1123 1644 Aruomido·
1205 1623 1220 1650 .

120 1667 182 1724 raim
195 1667 289 1744 ipsum
304 1669 358 1727 iam
372 1675 447 1745 tum,
470 1683 533 1726 cum
547 1671 576 1728 iii
590 1668 671 1745 Sylla
686 1665 813 1730 tribunus
828 1668 993 1746 militarem,
1009 1671 1068 1727 arta
1082 1667 1124 1727 ia-

120 1744 277 1810 miliaritate
299 1750 466 1830 complexus
481 1761 565 1832 ¹surm,
588 1749 673 1832 idque
694 1753 813 1832 primum
832 1766 889 1812 non
903 1750 1007 1810 nullius
1021 1750 1123 1810 indolis

121 1831 186 1892 dddi
203 1834 363 1913 specimen,
380 1836 456 1913 'c'puod
470 1837 560 1895 tirum
575 1845 622 1896 aut
636 1833 794 1915 sapientem
808 1845 856 1896 ant
870 1837 1027 1916 proximum
1036 1833 1123 1894 simil·
1163 1868 1167 1873 -

119 1917 272 1996 limumque
288 1921 409 1997 sapienti
424 1919 592 1998 intellegere
608 1934 669 1979 sum
683 1923 771 1980 visos
799 1919 870 1980 Nam
884 1923 922 1980 ex
937 1919 1065 1980 omnibus
1075 1920 1149 1994 quii

77 2004 194 2062 munuc
216 2012 248 2062 se
275 2002 464 2082 philosophos
484 2013 589 2065 uocant
608 2006 656 2064 vin
677 2018 760 2064 unum
780 2011 827 2064 aut
854 2001 973 2062 alterum
994 2003 1122 2062 invenies

118 2085 195 2144 tanta
216 2087 397 2165 siucerlt'ite,
419 2087 494 2148 talita
513 2089 642 2148 ueritate.
670 2087 750 2147 blitto
772 2104 826 2165 qua
841 2086 975 2163 patientia
992 2087 1121 2162 corporis

118 2169 230 2229 hiemes
245 2165 322 2232 inrita
337 2178 366 2230 et
380 2177 505 2232 aestates
521 2158 605 2248 l‘erdt,
621 2179 652 2230 nt
666 2169 750 2230 nullis
765 2167 910 2230 laboribus
926 2167 1019 2245 cedat,
1036 2176 1066 2226 ut
1080 2169 1121 2227 ni·

118 2252 159 2313 hil
174 2254 203 2314 iri
219 2253 296 2332 oiho,
311 2255 340 2314 iri
355 2259 425 2334 potu
438 2247 633 2333 voluptatibus
648 2256 767 2331 tribuat,
782 2262 813 2313 ut
828 2251 929 2314 oculos
942 2253 1120 2330 animumque

119 2333 270 2397 contineat
284 2381 287 2385 -
302 2337 373 2398 sunt
387 2339 459 2399 ha'ec
474 2349 591 2416 magna,
608 2338 661 2400 sed
674 2341 703 2398 in
715 2337 786 2407 alio;
802 2339 831 2397 in
844 2336 901 2398 hoe
913 2353 984 2397 vero
998 2337 1148 2412 minimest

76 2419 143 2486 absi
159 2422 265 2481 ceteris
281 2423 431 2488 militibus
449 2431 664 2500 comparentur,
688 2421 790 2502 quibus
810 2423 913 2480 meruit
931 2430 962 2480 ut
977 2439 993 2480 a
1009 2417 1042 2480 (l.
1059 2418 1121 2478 llu-

117 2505 200 2565 sonio
214 2507 254 2565 cri
268 2507 396 2582 omnihus
408 2510 536 2585 ,omnium
550 2507 678 2567 ordinum
696 2503 920 2566 adsectatoribus
935 2509 1025 2582 gener
1040 2503 1122 2564 adsu-

116 2595 251 2651 meretur.
280 2587 361 2662 Q'aae
375 2590 441 2649 inihi
455 2590 617 2652 recordanti
633 2598 678 2651 est
691 2590 805 2669 quidem
818 2587 970 2648 iucundum
985 2587 1061 2666 qdod
1075 2595 1147 2650 mab

118 2689 183 2732 cum
204 2673 279 2751 apud
299 2672 451 2733 alios'tum
473 2674 549 2753 apud
569 2683 598 2734 te
621 2676 703 2734 tantis
719 2672 848 2733 laudibus
865 2671 1001 2747 cumulat,
1015 2687 1122 2731 vereor

117 2764 211 2817 tamen
230 2775 267 2816 ne
287 2756 400 2817 modum
420 2757 566 2834 excedat,
582 2775 666 2836 mem
686 2757 846 2834 benignitas
867 2757 928 2815 eius
950 2753 1032 2832 (illuc
1048 2755 1121 2812 enim

75 2839 192 2900 &uude
208 2843 293 2920 coepi
307 2841 452 2922 revertor)
468 2858 524 2901 non
537 2840 614 2901 solet
628 2849 736 2902 tenere.
765 2838 837 2910 Nam
851 2839 879 2898 in
894 2839 950 2899 hoo
965 2853 1021 2898 uno
1035 2840 1147 2902 inter-9

116 2923 181 2984 dum
195 2925 240 2984 vir
259 2925 365 3004 alloqui
379 2921 614 3007 prudentissimus
630 2924 752 2985 honesto
769 2923 881 3002 quidem
896 2921 949 2982 sed
968 2930 1061 2982 tamen
1076 2939 1121 2980 er-

115 3017 182 3151 rorle
203 3011 350 3088 uersatur,
372 3007 449 3088 qaod
469 3007 558 3088 pluris
579 3011 685 3069 amicos
701 3015 770 3069 suos
786 3023 869 3086 qum
884 3016 949 3067 sunt
962 3007 1120 3066 arbitratur.

115 3091 197 3152 Vae.

352 3295 353 3300 Ν
586 3221 651 3284 nu.
1084 3179 1127 3268 l

328 3326 356 3381 G.
375 3323 500 3378 PLINIUS
515 3323 644 3376 CATILIO
661 3321 787 3375 SEVERO
803 3322 864 3376 SUO
881 3321 907 3372 S.

173 3427 293 3488 Veniam
307 3427 342 3488 ad
359 3437 473 3504 cenam,
491 3424 542 3488 sed
556 3428 611 3485 iam
624 3441 698 3485 nunc
713 3426 846 3503 paciscor
860 3425 897 3488 sit
912 3423 1062 3501 expedita,
1084 3422 1143 3481 siti

115 3517 220 3592 par'oa,
243 3512 397 3573 Socraticis
417 3520 523 3572 tantum
544 3511 722 3572 semionihas
737 3507 878 3584 abundet,
900 3508 929 3566 in
945 3506 990 3566 his
1005 3520 1119 3584 quoque
