2604 3972
329 214 592 277 EPISTULARUM
607 227 631 279 1.
647 226 676 278 ι.
686 225 712 278 3.
726 217 780 292 [ιο.
792 217 848 293 m]
865 225 889 279 4.
903 218 951 295 [a]
1080 215 1142 278 199

138 367 346 450 praefecturam
360 369 460 430 aerarii
477 368 607 446 Saturni,
626 369 756 430 omnibus
768 367 1017 446 advocationibus,
1039 369 1141 446 quibus

138 455 242 532 alioqui
257 471 407 532 numquam
421 470 498 514 eram
513 455 676 530 promiscue
691 451 823 530 iunctus,
844 453 1019 530 renuntiavi,
1034 461 1065 512 ut
1078 462 1141 514 toto

138 539 228 598 animo
244 536 378 615 delegato
395 536 461 596 mihi
477 535 574 596 officio
588 553 728 597 vacarem.
763 535 825 611 Qua
840 553 879 596 ex
894 553 996 613 cause,
1013 554 1079 596 cum
1092 544 1169 616 pat

136 631 250 684 tronum
263 639 309 682 me
325 619 516 702 provinciales
532 629 680 698 optassent
700 629 798 681 eontra
811 619 929 680 Marium
942 618 1085 696 Priscum,
1112 630 1142 682 ct

114 707 209 786 dpetii
223 706 334 766 veniam
344 705 426 765 buius
439 706 565 765 muneris
579 714 609 765 et
623 706 772 783 inpetrari.
802 703 860 764 Sed
878 722 942 764 cum
955 712 1056 783 postca
1075 721 1141 764 eon·

138 789 183 851 sul
210 789 374 867 designatus
402 789 562 849 censuisset
582 788 723 867 agendum
742 789 908 864 nobiscum,
936 805 1054 868 quorum
1082 796 1142 848 erat

139 875 285 933 excusatio
299 881 428 953 recepta,
445 881 475 932 ut
490 889 620 932 essemus
635 874 664 931 in
679 881 793 934 senatus
809 880 953 952 potestate
968 879 1141 952 pateremur·

139 975 196 1036 que
215 958 326 1017 nomina
346 967 443 1018 nostra
461 957 490 1016 in
510 973 606 1016 umam
628 955 737 1035 conici,
762 957 1060 1017 convenientissimum
1074 975 1141 1017 esse

138 1039 332 1120 tranquillitati
353 1039 461 1103 saeculi
480 1042 520 1102 tui
540 1041 636 1120 putavi
656 1042 824 1119 pracsertim
839 1051 897 1102 tam
910 1037 1072 1102 moderatae
1091 1057 1141 1100 ro·

97 1125 131 1178 1⁰
139 1123 238 1186 imitati
259 1123 423 1202 amplissimi
444 1124 549 1186 ordinis
569 1142 626 1185 non
646 1141 817 1204 repugnare.
850 1123 903 1185 Cui
921 1124 1061 1203 obsequio
1075 1135 1166 1189 meoa

139 1217 208 1289 opto
226 1216 257 1268 ut
271 1209 415 1270 existimes
432 1218 563 1270 constare
581 1209 738 1288 rationem,
760 1226 824 1269 eum
846 1211 938 1270 omnia
958 1207 1033 1269 iacta
1053 1208 1140 1268 dicta·

138 1309 272 1372 qucrnea
287 1292 410 1371 probare
426 1293 611 1354 sanctissimis
627 1293 753 1355 moribus
768 1295 826 1354 tuis
841 1294 961 1372 cupiam.

98 1548 130 1602 ,5
475 1423 761 1578 teodildae
780 1525 807 1578 s.

200 1621 238 1684 Et
254 1624 325 1684 aivis
340 1633 371 1684 et
390 1627 530 1688 senatoris
548 1627 616 1688 boni
636 1627 763 1707 partibus
785 1627 901 1688 iunctus
916 1644 948 1686 es
970 1625 1142 1706 obsequium

139 1706 303 1786 amplissimi
316 1707 433 1788 ordinis,
449 1710 526 1788 quod
537 1712 691 1772 iustissime
703 1712 847 1788 exigebat,
859 1711 1038 1791 praestando.
1063 1709 1141 1785 Quas

139 1801 235 1870 partes
251 1791 421 1870 inpleturum
436 1803 467 1854 te
479 1794 636 1855 secundum
650 1804 816 1874 susceptam
833 1796 917 1856 fidem
929 1794 1050 1855 conlido.

564 1925 628 1987 ιιιι.
652 1925 727 2006 [ιιι]

363 2024 390 2080 (l.
411 2022 536 2075 PLINIUS
551 2025 695 2076 TRAIANO
713 2023 923 2076 IMPERATORI.

201 2123 379 2204 indulgentia
393 2133 455 2204 tua,
470 2127 624 2206 imperator
637 2127 761 2207 optime,
783 2142 866 2204 quam
885 2123 1079 2204 plenissimam
1094 2141 1170 2194 err-1

139 2209 254 2288 perior,
276 2209 403 2272 hortatur
415 2227 462 2272 me
477 2220 507 2272 ιιι
522 2211 640 2272 audeam
658 2211 710 2272 tibi
725 2211 808 2270 ctiam
822 2223 875 2288 pro
892 2210 991 2270 amicis
1006 2207 1144 2286 obliquum

139 2294 214 2352 inter
228 2309 300 2372 quos
314 2295 369 2355 sibi
383 2295 431 2354 vel
446 2298 631 2376 praecipuum
643 2294 739 2356 locum
752 2293 876 2354 vindicat
886 2293 1032 2354 Voconius
1042 2290 1144 2353 lloma·

97 2383 210 2452 uenus,
232 2378 267 2438 ab
290 2379 405 2440 ineunte
426 2388 520 2441 aetate
542 2379 756 2458 condiscipulus
778 2387 807 2438 et
822 2376 1034 2439 contubernalis
1053 2393 1143 2438 meus.

141 2459 252 2533 Quibus
268 2480 306 2522 ex
321 2464 415 2524 causis
430 2472 460 2523 et
474 2481 490 2524 a
505 2463 573 2524 divo
589 2474 671 2544 patre
686 2471 737 2525 tuo
751 2465 890 2543 petieram
904 2470 936 2522 ιι
950 2460 1030 2521 ἰ11ιιιι
1045 2462 1075 2521 in
1089 2473 1173 2526 ami

138 2543 298 2623 piissimum
312 2546 439 2608 ordinem
453 2557 646 2627 promoveret.
669 2548 729 2609 Sed
741 2547 799 2608 boc
812 2556 909 2607 votum
922 2563 1016 2606 meum
1027 2545 1145 2606 bonitati

139 2636 209 2689 tuae
224 2640 401 2692 reservatum
419 2640 475 2710 est,
493 2635 558 2711 quia
571 2641 660 2693 mater
675 2631 794 2693 Romani
805 2629 1002 2690 liberalitatem
1020 2629 1146 2691 sestertii
1209 2667 1211 2676 .

140 2711 390 2792 quadringenties,
418 2715 497 2794 quod
522 2714 654 2778 confeme
681 2734 714 2777 se
735 2714 795 2776 fibo
815 2712 957 2774 codicillis
979 2713 1014 2774 ad
1035 2721 1146 2792 patrem

95 2806 218 2868 potuum
234 2800 350 2878 seriptis
367 2799 501 2878 professa
516 2800 624 2878 lucrat,
645 2798 768 2860 nondum
788 2799 857 2860 satis
876 2797 1004 2876 legitime
1021 2813 1145 2876 perege·

139 2890 199 2951 rat;
216 2881 293 2959 quod
306 2891 409 2962 postea
421 2882 493 2945 iecit
506 2883 645 2945 admonita
660 2901 677 2944 a
690 2883 785 2945 nobis.
804 2880 875 2943 Nam
890 2890 919 2941 et
932 2881 1036 2942 fundos
1051 2891 1171 2944 eman-3

142 2965 248 3043 cipavit
263 2974 293 3026 et
314 2975 412 3028 cetera
433 2983 506 3046 quae
520 2970 549 3028 in
570 2968 795 3047 emancipatione
809 2965 944 3046 inplenda
958 2965 1054 3028 solent
1068 2966 1146 3044 exigi

141 3053 354 3112 consummavit.
376 3048 447 3111 Cum
459 3053 496 3114 sit
510 3070 582 3130 erge
596 3053 701 3114 linitum
715 3052 791 3133 quod
806 3070 875 3131 spes
889 3060 1002 3112 nostras
1017 3049 1173 3113 mercha-4

139 3139 203 3211 tur,
224 3151 281 3194 non
296 3137 358 3196 sine
373 3152 473 3213 magna
489 3135 590 3197 fiducia
604 3136 742 3214 subsigno
757 3137 832 3216 apud
846 3145 877 3196 te
894 3135 979 3196 iidem
992 3151 1046 3213 pro
1061 3135 1145 3193 mori·

96 3215 195 3280 esbus
215 3215 335 3279 Romani
354 3221 428 3296 mei,
452 3236 524 3299 quos
546 3229 576 3281 et
592 3218 722 3280 liberalia
742 3220 836 3281 studia
850 3227 987 3280 exornant
1002 3226 1032 3278 et
1047 3219 1148 3278 eximia

141 3301 250 3378 pietas,
279 3320 333 3381 qua
353 3303 426 3363 hane
445 3304 537 3382 ipsam
559 3305 653 3366 matris
673 3302 871 3365 liberalitatem
892 3312 920 3363 et
942 3303 1036 3364 statim
1058 3303 1146 3381 patris

140 3382 329 3446 hereditatem
344 3396 373 3447 et
386 3387 569 3466 adoptionem
583 3407 600 3448 a
613 3389 714 3449 vitrico
731 3389 842 3448 meruit.
864 3387 961 3465 Auget
972 3387 1045 3448 baec
1060 3395 1089 3446 et
1098 3395 1173 3448 ιιι

137 3466 239 3530 talium
253 3480 283 3532 et
294 3479 471 3552 patemamm
482 3473 644 3534 facultatum
654 3472 807 3552 splendorr
820 3473 924 3552 quibus
939 3471 1062 3549 singulis
1076 3467 1147 3529 mul·

96 1972 132 2028 20
