2580 3978
609 285 644 349 G.
665 285 763 350 Pbllll

648 440 711 501 xv.
739 433 760 466 ‘

390 541 417 592 o.
437 538 563 591 ruinius
582 538 724 590 sarrroro
743 538 850 590 cuano
870 538 930 590 suo
950 536 976 588 a.

158 670 174 722 l
242 658 321 721 lleus
342 669 372 719 tu
392 658 533 737 promittis
553 657 588 718 ad
608 675 708 718 cenam
729 676 786 718 nec
810 653 908 717 uenis!
933 653 1054 715 Dicetur
1071 655 1130 715 ius:
1153 655 1190 716 ad

157 753 276 806 bessem
286 741 450 823 inpendium
461 741 578 819 reddes,
593 760 648 802 nec
660 741 689 801 id
699 742 852 802 modicum.
873 738 988 799 Paratae
1003 747 1083 798 erant
1097 737 1189 798 lactu·

182 847 234 889 cae
249 825 395 905 singulae,
418 823 557 886 cochleae
572 835 687 902 ternae,
710 843 764 902 ora
779 825 860 901 bina,
880 821 953 882 alica
969 840 1032 882 cum
1048 821 1140 884 mulso
1157 830 1211 884 eto

181 915 247 972 niue
259 912 338 990 (nam
347 910 419 970 banc
433 928 548 989 quoque
561 909 750 988 computabis,
767 910 850 968 immo
863 907 935 967 hanc
947 907 1098 985 inprimis,
1114 925 1191 986 quae

182 996 266 1073 periit
281 997 310 1054 in
321 992 461 1072 ferculo),
478 993 582 1072 olivae,
598 993 723 1072 betacei,
741 992 916 1069 cucurbitae,
937 989 1026 1068 bulbi,
1042 989 1096 1051 alia
1110 990 1191 1052 mille

181 1096 238 1140 non
255 1081 346 1139 minus
361 1076 446 1139 lauta.
467 1077 610 1139 Audisses
624 1076 781 1140 comoedos
795 1075 843 1137 vel
857 1074 998 1135 lectorem
1008 1072 1056 1134 vel
1067 1074 1191 1151 lyristen

84 1207 91 1224 .
158 1162 248 1240 bvel,
273 1180 346 1242 quae
366 1180 429 1223 mea
451 1160 623 1238 liberalitas,
646 1178 755 1222 omnes.
787 1159 833 1220 Ad
854 1169 884 1220 tu
899 1157 975 1239 apud
988 1161 1088 1220 nescio
1104 1178 1191 1239 quem

182 1257 293 1325 ostrea,
315 1245 433 1324 vulvas,
452 1245 588 1324 echinos,
612 1243 760 1305 Gaditanas
785 1243 918 1304 maluisti.
953 1242 1042 1304 Dabis
1066 1258 1230 1322 poenas,10
1279 1281 1280 1304 t

181 1330 318 1391 nondico
334 1348 415 1409 quas.
450 1329 528 1390 Dura
549 1329 662 1390 iecisti:
685 1328 829 1406 invidisti,
846 1328 947 1388 nescio
968 1345 1003 1387 an
1021 1328 1089 1406 tibi,
1108 1337 1190 1388 certe

182 1414 261 1491 milri,
278 1413 332 1475 sed
346 1424 439 1474 tamen
455 1423 484 1474 et
500 1415 562 1474 tibi.
584 1412 724 1486 Quantum
739 1431 792 1474 nos
807 1413 994 1488 lusissemus,
1011 1413 1190 1489 risissemus,

159 1497 406 1560 istuduissemus!
428 1496 515 1558 Potes
531 1498 692 1576 apparatius
715 1515 819 1557 cenare
834 1496 909 1575 apud
920 1493 1036 1573 multos,
1051 1513 1192 1574 nusquam

182 1580 298 1643 hilarius
320 1580 481 1660 simplicius
503 1582 653 1642 incautius.
683 1579 715 1640 In
733 1599 851 1657 summa,
867 1580 1014 1659 experire,
1030 1581 1125 1641 etnisi
1137 1597 1191 1660 po·
1280 1631 1281 1658 ,

183 1676 244 1727 stea
264 1674 295 1726 te
314 1664 377 1726 aliis
400 1667 496 1744 potius
511 1663 717 1744 excusaveris,
740 1664 808 1724 milri
823 1682 939 1744 semper
953 1682 1070 1726 excusa.
1106 1663 1190 1724 Vale.
1199 1672 1228 1723 15

621 1841 624 1845 ⁴
671 1817 722 1878 V.

468 1915 495 1966 o.
514 1817 778 1969 rurums'drdroro
797 1897 856 1966 suo
875 1915 901 1970 a.

163 2048 177 2099 t
249 2033 385 2094 Amabam
393 2033 754 2116 PompeiumSaturninum,
769 2034 845 2096 hunc
861 2035 926 2096 dico
940 2043 1079 2111 nostrum,
1094 2031 1190 2092 lauda·

183 2120 305 2198 bamque
321 2120 383 2179 eius
402 2121 561 2200 ingenium,
584 2123 669 2182 etiarn
687 2130 837 2198 antequam
852 2121 957 2180 scirem
973 2135 1056 2198 quam
1068 2117 1188 2195 varium,
1198 2127 1231 2179 ab

184 2221 266 2282 quam
284 2201 429 2281 flexibile,
456 2223 538 2283 quam
560 2204 712 2285 multiplex
733 2212 828 2266 esset:
853 2221 928 2263 nunc
950 2219 1021 2262 vero
1038 2211 1127 2262 totum
1142 2219 1191 2261 me

161 2294 276 2363 atanet,
292 2285 389 2364 hahet,
405 2287 547 2366 possidet.
565 2289 651 2349 Audii
664 2306 764 2350 causas
780 2297 912 2365 agentem
929 2288 1034 2348 acriter
1047 2283 1190 2346 etardcn·

76 2409 80 2416 -
183 2379 228 2430 ter
242 2387 298 2429 nec
316 2371 407 2431 minus
422 2370 512 2449 polite
530 2380 559 2431 et
574 2382 691 2450 ornate,
714 2373 777 2434 sive
791 2371 922 2434 meditata
937 2373 999 2432 sire
1015 2370 1107 2432 subita
1121 2386 1190 2447 pro·

183 2454 282 2514 lerret.
301 2451 414 2514 Adsunt
430 2464 530 2516 acutae
547 2458 724 2535 crebraeque
740 2458 910 2533 sententiae,
924 2456 1022 2533 gravis
1037 2463 1067 2514 et
1083 2452 1190 2540 decora

184 2538 377 2615 constructio,
399 2540 525 2604 sonantia
540 2540 628 2601 verba
643 2549 672 2608 et
687 2541 811 2619 antiqua.
840 2539 939 2600 Omnia
953 2539 1026 2599 haec
1041 2539 1112 2598 mire
1127 2535 1190 2616 pla·
1199 2551 1232 2604 at

184 2629 261 2700 cant,
278 2639 342 2681 curn
357 2622 464 2699 impetu
480 2622 600 2700 quodam
615 2634 645 2685 et
662 2624 775 2685 ilumine
791 2622 1003 2703 pervehuntur,
1019 2621 1147 2702 placent,
1164 2625 1191 2684 si

158 2714 380 2771 tretractentur.
413 2705 528 2768 Senties
544 2708 621 2786 quod
637 2726 711 2787 ego,
729 2726 793 2769 cum
808 2708 951 2770 orationes
967 2709 1030 2770 eius
1047 2709 1076 2766 in
1089 2724 1191 2768 manus

182 2791 355 2867 sumpseris,
371 2807 441 2868 quas
455 2790 540 2852 facila
556 2791 675 2854 cuilibet
688 2801 833 2869 veterum,
854 2809 974 2871 quorum
987 2801 1033 2853 est
1047 2789 1189 2868 aemulus,

158 2873 375 2952 dcomparabis.
406 2872 485 2934 Idem
498 2884 592 2936 tamen
607 2877 637 2936 in
650 2876 769 2938 historia
782 2878 872 2954 magis
887 2876 1046 2939 satisfaciet
1060 2874 1108 2936 vel
1122 2874 1191 2936 bre·

181 2961 270 3019 vitate
286 2956 332 3017 vel
347 2956 414 3019 luce
432 2957 480 3019 rel
494 2962 632 3020 suauitate
645 2958 694 3020 vel
708 2958 864 3040 splendore
876 2962 961 3022 etiam
972 2970 1002 3021 et
1013 2958 1190 3022 sublimitate
1199 2974 1233 3028 30

182 3041 320 3103 narrandi.
352 3039 423 3102 Nam
445 3043 474 3101 in
494 3043 675 3105 contionibus
691 3043 791 3106 eadem
806 3063 879 3124 quae
901 3047 929 3106 in
947 3044 1122 3105 orationibus
1143 3045 1191 3105 vis

159 3135 241 3204 best,
258 3127 387 3205 pressior
402 3134 494 3186 tanmn
508 3137 537 3188 et
552 3129 796 3208 circumscriptior
811 3127 841 3190 a't
855 3127 1013 3190 adductior.
1036 3126 1192 3189 Praeterea

183 3210 253 3272 iacit
273 3228 393 3288 versus,
414 3209 513 3289 quales
536 3209 664 3274 Catullus
679 3223 727 3274 ant
743 3210 860 3275 Calvus.
877 3212 1017 3287 Quantum
1032 3211 1091 3275 illis
1104 3209 1176 3291 lepo

183 3297 240 3372 ris,
262 3291 439 3372 dulcedinis,
460 3297 670 3374 amaritudinis,
692 3297 809 3358 amoris!
831 3298 932 3359 inserit
946 3315 1031 3374 sane,
1055 3295 1109 3358 sed
1124 3295 1190 3356 data

183 3395 282 3458 opera,
297 3377 431 3439 mollibus
443 3378 615 3460 levibusque
631 3381 813 3443 duriusculos
830 3381 978 3460 quosdam,
994 3390 1023 3442 et
1036 3381 1094 3442 boo
1105 3381 1230 3459 quesibi

158 3459 311 3528 ocatullus
328 3472 376 3523 aut
390 3459 506 3526 Calvus.
540 3463 623 3543 legit
639 3464 707 3525 mibi
722 3483 814 3545 nuper
828 3465 981 3544 epistulas;
1003 3465 1102 3527 uxoris
1118 3484 1188 3528 esse

183 3546 310 3608 dicebat:
335 3545 461 3608 Plautum
482 3546 530 3608 vel
550 3547 713 3610 Terentium
733 3559 824 3609 metro
845 3548 969 3610 solutum
984 3549 1045 3627 legi
1067 3548 1187 3610 credidi.
