2604 3972
184 261 245 325 166
605 259 637 322 (l.
660 259 757 321 PLlNl

183 432 235 491 na,
255 422 284 474 et
305 432 342 473 ex
362 411 469 473 duabus
484 413 632 474 sententiis
649 431 711 474 eam
731 429 804 492 quae
819 414 951 491 superior
966 405 1090 474 extiterit
1103 415 1188 476 tertia

141 502 344 576 uaexspectau.
367 496 451 574 Quid,
468 497 544 575 quod
560 499 648 576 prima
661 498 801 557 sententia
812 497 986 576 conprobata
996 505 1187 577 cetemepsr-

184 577 333 642 emuntur?
365 579 427 654 Qua
443 597 514 658 ergo
528 581 638 641 ratione
657 588 836 659 potestesse
850 597 907 641 non
919 598 990 640 unus
1004 581 1096 660 adque
1110 581 1188 642 idem

140 665 266 727 tbloous
288 666 505 742 sententiarum,
530 681 645 743 quarum
659 663 753 724 nullus
769 672 814 724 est
830 661 953 743 postea?
974 663 1086 726 Planius
1100 682 1187 745 repe-

182 758 259 810 tam·
286 747 347 809 Nisi
367 747 481 809 dicente
507 749 675 808 sententiam
697 765 733 808 eo
751 748 798 826 qui
817 747 929 826 relegat
948 746 990 807 rlli
1006 750 1054 827 qui
1068 750 1215 828 puniunt5

185 834 279 912 capite
290 833 370 892 initio
386 832 480 893 statim
490 833 519 891 in
531 829 584 892 alis
599 831 764 909 discedant,
780 831 885 892 frustra
899 840 1002 910 postea
1017 831 1189 894 dissentient

141 916 219 976 stab
231 933 268 978 eo
289 917 334 978 cui
354 915 439 994 paulo
460 923 525 975 ante
550 917 758 976 consenserint.
791 914 850 976 Sed
865 915 932 994 quid
946 933 1003 993 ego
1020 915 1119 977 similis
1136 915 1188 977 do-

184 996 282 1061 centi?
298 1016 362 1060 cum
379 999 493 1060 discere
506 998 593 1059 velim
608 1017 643 1060 an
660 1001 816 1060 sententias
833 998 935 1075 dividi,
951 1015 985 1059 an
998 1000 1032 1059 iri
1046 999 1075 1058 in
1090 1001 1188 1078 singu·

182 1081 225 1145 las
247 1084 415 1163 oportuerit.
461 1081 576 1162 0ptinui
597 1082 711 1163 quidem
728 1082 804 1162 quod
818 1081 1010 1162 postulabam;
1034 1082 1122 1144 nibilo
1137 1086 1189 1143 mi·

183 1186 236 1229 nus
250 1175 343 1228 tamen
358 1183 465 1246 quaero
476 1185 511 1227 an
522 1167 669 1246 postulare
681 1166 836 1227 debuerim.
861 1165 1101 1240 Quemadmodum
1113 1169 1187 1247 opti·
1198 1175 1230 1230 1o

182 1247 251 1312 nuil
285 1249 341 1324 Qui
361 1249 488 1311 ultimum
508 1249 679 1330 supplicium
694 1250 860 1312 sumendum
875 1268 942 1312 esse
960 1249 1113 1330 censebat,
1136 1269 1187 1311 ne·

183 1336 246 1396 scio
263 1353 297 1396 an
311 1337 383 1414 iure,
402 1343 481 1397 certe
496 1337 638 1414 aequitate
653 1332 852 1413 postulationis
866 1352 947 1396 meae
961 1334 1066 1412 dous,
1083 1335 1188 1395 omissa

184 1420 324 1479 sententia
341 1437 392 1480 sua
410 1420 534 1480 accessit
548 1418 704 1497 releganti3
723 1419 831 1480 veritus
848 1417 1024 1496 scilicetne,
1042 1419 1067 1479 si
1079 1417 1187 1480 divide-

183 1510 281 1562 rentur
294 1504 464 1580 sententiac‚
481 1503 558 1582 quod
574 1502 680 1581 alioqui
692 1501 756 1563 lore
771 1502 936 1579 videbatur,
952 1519 1074 1581 eaquae
1091 1501 1188 1562 absol·

183 1585 292 1647 vendos
304 1603 373 1647 esse
392 1586 529 1647 censebat
542 1603 659 1647 numero
672 1585 863 1665 praevaleret.
892 1583 1005 1646 Etenim
1019 1585 1106 1663 longe
1121 1585 1228 1665 plu-15

140 1678 174 1732 25
183 1686 231 1730 res
246 1671 274 1729 in
290 1669 344 1729 bac
359 1687 414 1729 una
429 1686 511 1748 quam
522 1671 551 1729 in
567 1669 675 1731 duabus
690 1668 810 1749 singulis
822 1677 910 1729 erant.
933 1667 1003 1729 ‘lum
1014 1669 1055 1729 illi
1070 1687 1187 1749 quoque

184 1754 231 1832 qui
250 1754 415 1814 auctoritate
436 1754 498 1813 eius
514 1753 695 1814 trahebantur
716 1761 879 1814 tmnseunte
900 1751 951 1813 illo
971 1752 1098 1814 destituti
1120 1753 1187 1814 reli·

184 1847 305 1916 quemnt
327 1837 494 1899 sententiam
508 1838 544 1898 ab
563 1839 628 1917 ipso
647 1846 764 1899 auctore
786 1837 927 1898 desertam
951 1839 1100 1917 secutique
1122 1845 1188 1898 sunt

140 1931 175 1986 26
184 1923 265 2000 quasi
279 1921 452 2001 transfugam
466 1939 551 2000 quem
566 1921 668 1982 ducem
683 1922 885 2002 sequebantur.
904 1920 954 1982 Sic
969 1922 1106 1982 extribus
1122 1939 1187 1982 sen·

183 2007 279 2066 tentiis
295 2007 366 2068 duae
387 2007 499 2084 factae,
515 2008 662 2086 tenuitque
680 2025 717 2066 ex
730 2005 838 2067 duabus
853 2004 942 2067 altera
957 2007 1039 2066 tertia
1053 2003 1185 2084 expulsa,
1195 2011 1227 2063 bo

183 2107 272 2169 quae,
295 2107 358 2150 cum
380 2090 475 2151 ambas
497 2107 633 2169 superare
647 2108 704 2151 non
717 2099 835 2169 posset,
861 2088 952 2168 elegit
966 2090 1001 2151 ab
1014 2097 1076 2150 utra
1087 2090 1186 2150 vince·
1283 2159 1284 2165 ἵ

182 2183 268 2234 retur.
299 2173 379 2236 Vale.

653 2305 715 2366 XV.

467 2403 494 2453 o.
514 2405 640 2455 rutulus
658 2405 781 2456 numeru
797 2404 857 2456 suo
875 2405 900 2456 s.
1195 2427 1226 2481 at
1280 2391 1281 2451 l

158 2515 172 2565 1
244 2504 366 2566 Oneravi
379 2514 409 2566 te
423 2514 466 2566 tot
477 2507 583 2585 pariter
594 2508 690 2569 missis
704 2507 909 2568 voluminibus:
927 2507 980 2568 sed
995 2509 1111 2568 oneravi
1128 2507 1186 2587 pri·
1279 2481 1280 2546 l

182 2605 267 2668 mum,
286 2591 351 2670 quia
364 2608 516 2668 exegeras,
532 2590 646 2669 deinde,
665 2591 729 2670 quia
743 2592 902 2670 scripseras
912 2599 968 2651 tam
983 2590 1108 2670 graciles
1120 2592 1187 2652 istic

181 2673 336 2734 vindemias
355 2693 422 2736 esse
443 2684 474 2734 ut
494 2673 578 2754 plane
601 2677 705 2737 scirem
725 2675 776 2735 tibi
791 2684 969 2753 vacaturum,
998 2675 1074 2754 quod
1096 2673 1186 2754 vulgo

159 2757 295 2836 bdicitur,
311 2758 412 2819 libmm
422 2758 532 2837 legere.
553 2758 661 2819 Eadem
671 2777 709 2819 ex
726 2760 797 2819 meis
812 2758 914 2837 agellis
929 2760 1098 2820 nuntiantur.
1129 2757 1185 2837 lgi-

182 2849 227 2900 tnr
243 2842 309 2902 mibi
326 2861 440 2923 quoque
461 2842 560 2903 licebit
578 2842 708 2903 scribere
728 2859 801 2921 quae
820 2842 919 2921 legas,
945 2843 983 2904 sit
1003 2843 1087 2904 modo
1111 2839 1225 2902 ardeat

183 2923 295 2986 cbartae
311 2930 366 2986 emi
379 2928 506 3007 possint;
533 2942 605 3004 quae
627 2927 651 2986 si
672 2926 791 2988 scabrae
808 2925 959 2988 bibulaeve
977 2928 1050 3005 sint,
1066 2935 1185 2987 autnon

181 3008 362 3151 {cribendum
386 3019 433 3071 aut
458 3010 623 3072 necessario
650 3008 786 3088 quidquid
811 3010 1011 3088 scripserimus
1031 3011 1099 3071 boni
1121 3007 1185 3070 mali

200 3091 365 3154 ciebimus·
379 3092 462 3153 Vale.

641 3227 717 3288 xvl.

446 3326 473 3376 O.
492 3328 618 3379 PLINIUS
636 3325 786 3378 PATERNO
805 3325 865 3378 SUO
884 3325 910 3380 S.

154 3437 169 3489 1
242 3424 437 3488 Coniecemnt
450 3445 496 3489 me
510 3429 685 3491 infirmitates
696 3447 833 3507 meorum,
850 3439 958 3491 mortes
971 3429 1066 3506 etiam,
1081 3438 1112 3489 et
1124 3429 1185 3507 qui·

180 3507 244 3570 dem
258 3511 399 3577 iuvenum.
423 3511 534 3575 Solacia
551 3513 607 3574 duo
620 3532 797 3594 nequaquam
810 3515 888 3593 paria
898 3521 975 3574 tanto
989 3511 1092 3591 dolori,
1108 3510 1185 3573 sola·

101 3816 209 3905 s-
