2580 3970
183 223 246 288 232
400 214 404 222 ’
479 218 511 282 G.
533 218 630 282 1²1le
651 219 701 280 ΕΤ
722 218 880 282 ruamur

183 383 251 455 post
264 373 386 435 edictum
401 391 505 451 meum,
520 391 577 452 quo
593 371 748 433 secundum
761 371 889 433 mandata
903 382 950 433 tua
963 372 1104 435 hetaerias
1118 391 1189 435 esse

155 467 338 524 8vetucram.
361 455 426 530 Quo
447 459 537 534 magis
553 458 747 518 necessarium
763 454 871 515 credidi
886 474 923 516 ex
936 455 1044 517 duabus
1062 455 1188 536 ancillis,
1271 461 1272 500 l

185 560 258 622 quae
280 542 422 600 ministrae
442 540 623 616 dicebantur,
652 538 719 618 qnid
740 548 821 599 esset
840 541 902 600 veri
921 548 952 599 et
971 558 1024 619 per
1044 549 1187 601 tormenta

184 641 332 704 quaerere.
361 621 438 682 Nihil
457 621 532 683 aliud
551 623 646 682 inueni
665 639 749 700 qnam
768 624 1001 700 superstitionem
1014 641 1129 702 pravam
1144 624 1188 683 in·

184 708 331 768 modicam.
352 704 422 766 ldeo
437 704 521 765 dilata
536 707 698 782 cognitione
715 704 751 764 ad
767 704 971 766 consulendum
982 715 1012 766 to
1025 706 1213 769 decucurri.5
1272 754 1273 779 ,

159 791 252 856 9Visa
272 798 317 852 est
337 789 411 849 enim
430 787 497 848 mibi
515 804 564 848 res
582 787 666 864 digna
681 785 903 866 consultatione,
929 789 1048 850 maxime
1065 798 1188 869 propter
1272 787 1273 826 ³

183 871 403 955 periclitantium
419 888 574 932 numerum.
607 869 690 930 blnlti
704 871 778 931 enim
792 873 883 932 omnis
898 873 1015 950 aetatis,
1034 875 1125 934 omnis
1141 890 1187 934 or·

185 957 274 1033 dinis,
296 956 443 1035 utriusque
458 972 545 1016 sexos
562 955 662 1030 etlam,
686 962 825 1014 vocantur
838 954 867 1013 in
883 954 1041 1034 pericnlum
1055 965 1085 1017 et
1098 972 1187 1016 voca·

183 1041 295 1101 buntnr.
326 1036 428 1117 Neque
451 1038 580 1100 civitates
601 1045 706 1097 tantuna
726 1035 779 1098 sed
797 1038 879 1099 vicos
901 1039 985 1098 etiam
998 1048 1084 1118 atque
1098 1057 1186 1117 agros

184 1122 394 1202 superstitionis
413 1123 494 1183 istius
510 1123 641 1199 contagio
655 1128 809 1198 pervagata
822 1129 882 1191 cst;
905 1138 978 1199 quae
993 1121 1106 1182 videtur
1122 1124 1227 1183 sistito
1273 1162 1274 1172 a

143 1224 176 1276 10
185 1214 215 1267 et
234 1206 337 1283 corrigi
352 1222 452 1284 posse.
476 1202 563 1266 Certe
579 1204 647 1265 satis
664 1210 774 1264 constat
793 1220 885 1282 prope
904 1204 958 1264 iam
972 1204 1099 1267 desolata
1115 1214 1188 1266 tem

185 1289 233 1370 pla
248 1290 383 1368 coepisse
399 1288 540 1349 celebrari
555 1296 584 1348 et
600 1303 681 1347 sacra
692 1284 841 1347 sollemnia
856 1286 902 1346 dia
916 1289 1075 1350 intermissa
1091 1291 1187 1368 repeti

185 1383 353 1453 pastumque
367 1373 467 1434 venue
486 1370 676 1447 victimarum,
701 1370 781 1430 onius
795 1369 885 1430 adhuc
899 1372 1058 1432 missimus
1073 1381 1187 1451 emptor

184 1455 389 1516 inveniemus
417 1453 534 1533 Exque
555 1453 640 1514 facile
658 1461 704 1512 est
724 1454 831 1531 opinari
853 1471 925 1532 qnae
948 1455 1028 1515 turha
1042 1454 1186 1516 bominum

185 1537 327 1600 emendari
341 1539 443 1616 possit,
460 1539 484 1600 si
501 1538 538 1600 sit
551 1535 740 1615 paenitentiae
755 1535 847 1596 loons.
1194 1542 1225 1595 15
1274 1569 1275 1612 p

537 1649 653 1712 xcvn.
674 1648 826 1730 [novur]

514 1749 677 1800 TRAIANUS
696 1749 802 1800 PLINIO
821 1749 847 1804 S.

160 1858 175 1909 1
248 1838 351 1899 Actum
365 1852 449 1914 quem
464 1833 603 1913 debuisti,
626 1835 662 1892 mi
684 1833 834 1912 Secunde,
855 1834 883 1892 in
899 1833 1076 1894 excutiendis
1091 1835 1185 1895 causis

185 1939 284 1983 eornm
300 1920 348 2000 qui
368 1916 518 1979 christiani
534 1918 570 1978 ad
589 1927 618 1977 te
639 1915 724 1978 delati
743 1917 854 1977 inerant
873 1926 989 1979 secutus
1011 1936 1053 1978 es.
1081 1916 1184 1997 Neque

184 2007 305 2068 enimin
325 2004 487 2064 universnm
505 1999 611 2080 aliquid
627 2000 702 2078 quod
723 2001 803 2079 quasi
824 2009 929 2059 certam
948 1999 1066 2060 formam
1080 1998 1224 2062 babeatlll
1275 2019 1276 2054 ὲ

157 2089 317 2157 aconstltui
334 2095 440 2165 potest.
472 2081 664 2162 Conquirendi
682 2100 739 2143 uon
760 2092 838 2142 sunt:
864 2084 888 2144 si
908 2083 1070 2144 deierantur
1089 2093 1121 2144 et
1142 2102 1186 2144 ar·

186 2181 320 2254 guantur,
343 2167 477 2249 puniendi
494 2177 575 2245 sunt,
599 2170 636 2228 ita
655 2175 747 2226 tamen
769 2175 799 2226 ut
823 2168 871 2244 qui
891 2167 1039 2243 negaverit
1053 2185 1087 2228 se
1104 2165 1185 2227 cbri-

185 2258 304 2316 stiannm
318 2270 385 2314 esse
400 2253 486 2330 idqne
500 2268 532 2311 re
546 2253 608 2328 ipsa
623 2249 800 2310 manifestum
817 2249 938 2327 iecerit,
960 2249 989 2309 id
1009 2258 1055 2310 est
1077 2249 1185 2331 snppli-

186 2338 275 2398 cando
289 2337 341 2396 diis
353 2337 469 2411 nostris,
479 2334 605 2411 quamvis
615 2342 767 2410 suspectus
779 2333 807 2391 in
820 2335 1013 2412 praeteritum,
1025 2335 1137 2394 veniam
1149 2351 1185 2394 ex

184 2419 356 2500 paenitentia
367 2419 498 2494 inpetrat.
515 2415 582 2475 Sine
595 2424 713 2475 anctore
724 2431 795 2474 vero
807 2417 948 2494 propositi
958 2415 1049 2477 libelli
1059 2419 1093 2477 irs
1104 2415 1223 2476 nullone

186 2503 300 2563 crimine
311 2498 406 2558 locum
418 2497 524 2558 babere
536 2497 652 2557 debent.
673 2495 744 2555 Nam
758 2505 787 2556 et
802 2499 919 2575 pessimi
933 2499 1056 2580 exempli
1067 2519 1123 2562 nec
1134 2515 1185 2561 no·

184 2587 236 2647 stri
249 2581 355 2646 sacculi
367 2590 421 2644 est.

523 2675 654 2743 xovru.
675 2677 840 2760 [novun]

403 2780 430 2831 G.
449 2779 573 2832 PLINIUS
592 2780 736 2832 TRAIANO
757 2778 967 2832 IMPERATORI.

161 2879 176 2932 1
249 2865 486 2926 Amastrianorum
504 2864 619 2942 ciuitas,
641 2864 769 2943 domine,
793 2873 824 2925 ot
840 2863 958 2941 elegans
980 2873 1010 2924 et
1025 2872 1123 2925 ornata
1137 2864 1224 2930 bas-3⁰

186 2949 235 3008 bet
249 2950 324 3008 inter
337 2949 490 3026 praecipua
510 2963 598 3026 opera
617 2947 834 3026 pulcherrimam
854 2947 1030 3026 eandemque
1050 2946 1185 3024 longissi-

185 3047 258 3091 mam
274 3028 412 3108 plateam;
435 3032 514 3090 cuius
529 3049 545 3090 a
559 3029 650 3092 latere
664 3049 718 3109 per
733 3033 853 3109 spatium
867 3047 951 3090 omne
965 3032 1121 3110 porrigitur
1135 3047 1185 3091 no·

185 3115 260 3174 mine
277 3113 390 3192 quidem
409 3112 530 3191 flumen,
551 3131 584 3174 re
603 3130 672 3174 vera
690 3114 789 3177 cloaca
803 3113 969 3176 foedissima
988 3131 1022 3175 ao
1039 3116 1113 3175 sicut
1128 3123 1185 3174 tur·

157 3199 230 3278 apis
244 3196 456 3260 inmundissime
473 3206 594 3276 aspectu
614 3197 653 3257 ita
665 3197 805 3277 pestilens
821 3197 911 3258 odore
927 3197 1084 3259 teterrimo.
1114 3196 1183 3271 Qni-

185 3282 239 3343 bus
260 3299 298 3341 ex
317 3281 410 3342 causis
429 3298 486 3341 non
506 3281 596 3340 ndnus
617 3279 789 3342 salubritatis
815 3299 897 3360 quam
922 3280 1036 3342 decoris
1064 3282 1225 3342 interestbt

185 3381 248 3426 eam
263 3366 392 3442 contegi:
407 3363 483 3444 qnod
498 3363 558 3441 bet,
570 3365 594 3424 si
606 3364 770 3443 permiseris
786 3363 946 3424 curantibus
961 3365 1044 3425 nobis
1061 3383 1098 3426 ne
1111 3363 1185 3426 desit

184 3464 300 3526 qnoque
315 3447 436 3526 pecnnia
450 3449 531 3527 operi
543 3455 597 3506 am
613 3465 715 3526 magno
732 3464 814 3526 mam
828 3449 1003 3509 necessario.
