<?xml version="1.0" encoding="UTF-8"?>
<!DOCTYPE html PUBLIC "-//W3C//DTD XHTML 1.0 Transitional//EN"
    "http://www.w3.org/TR/xhtml1/DTD/xhtml1-transitional.dtd">
<html xmlns="http://www.w3.org/1999/xhtml" xml:lang="en" lang="en">
 <head>
  <title>
</title>
<meta http-equiv="Content-Type" content="text/html;charset=utf-8" />
  <meta name='ocr-system' content='tesseract 3.04.00' />
  <meta name='ocr-capabilities' content='ocr_page ocr_carea ocr_par ocr_line ocrx_word'/>
</head>
<body>
  <div class='ocr_page' id='page_1' title='image "./cplinicaecilise05plingoog_0307.png"; bbox 0 0 2580 3970; ppageno 0'>
   <div class='ocr_carea' id='block_1_1' title="bbox 212 255 789 322">
    <p class='ocr_par' dir='ltr' id='par_1_1' title="bbox 212 255 789 322">
     <span class='ocr_line' id='line_1_1' title="bbox 212 255 789 322; baseline -0.003 -2"><span class='ocrx_word' id='word_1_1' title='bbox 212 257 275 322; x_wconf 77' lang='lat'><strong>276</strong></span> <span class='ocrx_word' id='word_1_2' title='bbox 637 256 669 318; x_wconf 83' lang='lat' dir='ltr'><strong>G.</strong></span> <span class='ocrx_word' id='word_1_3' title='bbox 693 255 789 318; x_wconf 86' lang='lat' dir='ltr'>PLINI</span> 
     </span>
    </p>
   </div>
   <div class='ocr_carea' id='block_1_2' title="bbox 162 408 1280 3499">
    <p class='ocr_par' dir='ltr' id='par_1_2' title="bbox 211 408 1280 1992">
     <span class='ocr_line' id='line_1_2' title="bbox 212 408 1216 489; baseline -0.002 -19"><span class='ocrx_word' id='word_1_4' title='bbox 212 429 312 489; x_wconf 88' lang='lat' dir='ltr'><strong>esses,</strong></span> <span class='ocrx_word' id='word_1_5' title='bbox 329 409 475 471; x_wconf 89' lang='lat' dir='ltr'><strong>consulem</strong></span> <span class='ocrx_word' id='word_1_6' title='bbox 489 417 518 469; x_wconf 89' lang='lat' dir='ltr'><strong>te</strong></span> <span class='ocrx_word' id='word_1_7' title='bbox 534 409 653 470; x_wconf 89' lang='lat' dir='ltr'><strong>baberet</strong></span> <span class='ocrx_word' id='word_1_8' title='bbox 666 419 772 470; x_wconf 90' lang='lat' dir='ltr'><strong>tantum</strong></span> <span class='ocrx_word' id='word_1_9' title='bbox 789 427 824 469; x_wconf 92' lang='lat' dir='ltr'><strong>an</strong></span> <span class='ocrx_word' id='word_1_10' title='bbox 839 419 867 470; x_wconf 93' lang='lat' dir='ltr'><strong>et</strong></span> <span class='ocrx_word' id='word_1_11' title='bbox 883 419 1059 486; x_wconf 76' lang='lat' dir='ltr'><strong>senatorem,</strong></span> <span class='ocrx_word' id='word_1_12' title='bbox 1075 408 1133 468; x_wconf 90' lang='lat' dir='ltr'><strong>hoc</strong></span> <span class='ocrx_word' id='word_1_13' title='bbox 1144 426 1216 468; x_wconf 90' lang='lat' dir='ltr'><strong>nunc</strong></span> 
     </span>
     <span class='ocr_line' id='line_1_3' title="bbox 212 491 1217 572; baseline -0.005 -17"><span class='ocrx_word' id='word_1_14' title='bbox 212 496 286 555; x_wconf 90' lang='lat' dir='ltr'><strong>scito</strong></span> <span class='ocrx_word' id='word_1_15' title='bbox 313 495 453 554; x_wconf 88' lang='lat' dir='ltr'><strong>interesse</strong></span> <span class='ocrx_word' id='word_1_16' title='bbox 480 495 638 572; x_wconf 92' lang='lat' dir='ltr'><strong>principem</strong></span> <span class='ocrx_word' id='word_1_17' title='bbox 660 503 690 554; x_wconf 92' lang='lat' dir='ltr'><strong>te</strong></span> <span class='ocrx_word' id='word_1_18' title='bbox 712 493 814 553; x_wconf 90' lang='lat' dir='ltr'><strong>lrabeat</strong></span> <span class='ocrx_word' id='word_1_19' title='bbox 834 503 941 554; x_wconf 91' lang='lat' dir='ltr'><strong>tantum</strong></span> <span class='ocrx_word' id='word_1_20' title='bbox 960 510 995 552; x_wconf 91' lang='lat' dir='ltr'><strong>an</strong></span> <span class='ocrx_word' id='word_1_21' title='bbox 1011 501 1040 551; x_wconf 90' lang='lat' dir='ltr'><strong>et</strong></span> <span class='ocrx_word' id='word_1_22' title='bbox 1060 491 1217 552; x_wconf 89' lang='lat' dir='ltr'><strong>consulem.</strong></span> 
     </span>
     <span class='ocr_line' id='line_1_4' title="bbox 212 575 1218 656; baseline -0.002 -18"><span class='ocrx_word' id='word_1_23' title='bbox 212 577 263 638; x_wconf 89' lang='lat' dir='ltr'><strong>llis</strong></span> <span class='ocrx_word' id='word_1_24' title='bbox 278 586 321 638; x_wconf 91' lang='lat' dir='ltr'><strong>tot</strong></span> <span class='ocrx_word' id='word_1_25' title='bbox 340 579 482 656; x_wconf 88' lang='lat' dir='ltr'><strong>tantisque</strong></span> <span class='ocrx_word' id='word_1_26' title='bbox 502 577 656 636; x_wconf 91' lang='lat' dir='ltr'><strong>rationibus</strong></span> <span class='ocrx_word' id='word_1_27' title='bbox 673 593 838 655; x_wconf 81' lang='lat' dir='ltr'><strong>quamquam</strong></span> <span class='ocrx_word' id='word_1_28' title='bbox 852 575 969 636; x_wconf 90' lang='lat' dir='ltr'><strong>multum</strong></span> <span class='ocrx_word' id='word_1_29' title='bbox 982 575 1120 636; x_wconf 74' lang='lat' dir='ltr'><strong>reluctata</strong></span> <span class='ocrx_word' id='word_1_30' title='bbox 1134 593 1218 636; x_wconf 87' lang='lat' dir='ltr'><strong>vere·</strong></span> 
     </span>
     <span class='ocr_line' id='line_1_5' title="bbox 213 658 1280 748; baseline -0.001 -27"><span class='ocrx_word' id='word_1_31' title='bbox 213 661 314 722; x_wconf 88' lang='lat' dir='ltr'><strong>cundia</strong></span> <span class='ocrx_word' id='word_1_32' title='bbox 335 662 472 740; x_wconf 91' lang='lat' dir='ltr'><strong>principis</strong></span> <span class='ocrx_word' id='word_1_33' title='bbox 491 662 580 720; x_wconf 82' lang='lat' dir='ltr'><strong>nostri</strong></span> <span class='ocrx_word' id='word_1_34' title='bbox 600 660 712 720; x_wconf 89' lang='lat' dir='ltr'><strong>tandem</strong></span> <span class='ocrx_word' id='word_1_35' title='bbox 733 669 826 720; x_wconf 91' lang='lat' dir='ltr'><strong>tamen</strong></span> <span class='ocrx_word' id='word_1_36' title='bbox 847 661 944 721; x_wconf 88' lang='lat' dir='ltr'><strong>cessit.</strong></span> <span class='ocrx_word' id='word_1_37' title='bbox 972 658 1010 718; x_wconf 83' lang='lat' dir='ltr'><strong>At</strong></span> <span class='ocrx_word' id='word_1_38' title='bbox 1037 658 1218 738; x_wconf 85' lang='lat' dir='ltr'><strong>quemadmo·</strong></span> <span class='ocrx_word' id='word_1_39' title='bbox 1279 673 1280 748; x_wconf 64' lang='grc' dir='ltr'><strong>ι</strong></span> 
     </span>
     <span class='ocr_line' id='line_1_6' title="bbox 213 741 1280 826; baseline 0.001 -20"><span class='ocrx_word' id='word_1_40' title='bbox 213 745 278 806; x_wconf 93' lang='lat' dir='ltr'><strong>dum</strong></span> <span class='ocrx_word' id='word_1_41' title='bbox 296 742 405 804; x_wconf 83' lang='lat' dir='ltr'><strong>cessit?</strong></span> <span class='ocrx_word' id='word_1_42' title='bbox 429 741 493 802; x_wconf 84' lang='lat' dir='ltr'><strong>Non</strong></span> <span class='ocrx_word' id='word_1_43' title='bbox 508 761 541 804; x_wconf 89' lang='lat' dir='ltr'><strong>se</strong></span> <span class='ocrx_word' id='word_1_44' title='bbox 556 752 586 804; x_wconf 93' lang='grc' dir='ltr'><strong>ιι</strong></span> <span class='ocrx_word' id='word_1_45' title='bbox 601 745 732 822; x_wconf 86' lang='lat' dir='ltr'><strong>privatis,</strong></span> <span class='ocrx_word' id='word_1_46' title='bbox 754 742 807 804; x_wconf 92' lang='lat' dir='ltr'><strong>scd</strong></span> <span class='ocrx_word' id='word_1_47' title='bbox 822 752 851 802; x_wconf 92' lang='lat' dir='ltr'><strong>ut</strong></span> <span class='ocrx_word' id='word_1_48' title='bbox 865 745 992 820; x_wconf 85' lang='lat' dir='ltr'><strong>privatos</strong></span> <span class='ocrx_word' id='word_1_49' title='bbox 1008 743 1062 802; x_wconf 92' lang='lat' dir='ltr'><strong>sibi</strong></span> <span class='ocrx_word' id='word_1_50' title='bbox 1077 759 1163 822; x_wconf 91' lang='lat' dir='ltr'><strong>pares</strong></span> <span class='ocrx_word' id='word_1_51' title='bbox 1178 743 1241 807; x_wconf 78' lang='grc' dir='ltr'>ιιι-5</span> <span class='ocrx_word' id='word_1_52' title='bbox 1279 753 1280 826; x_wconf 74' lang='lat' dir='ltr'><strong>l</strong></span> 
     </span>
     <span class='ocr_line' id='line_1_7' title="bbox 213 825 1280 906; baseline -0.004 -16"><span class='ocrx_word' id='word_1_53' title='bbox 213 835 303 890; x_wconf 90' lang='lat' dir='ltr'><strong>cerat.</strong></span> <span class='ocrx_word' id='word_1_54' title='bbox 337 827 461 906; x_wconf 77' lang='lat' dir='ltr'><strong>Recepit</strong></span> <span class='ocrx_word' id='word_1_55' title='bbox 482 827 557 886; x_wconf 90' lang='lat' dir='ltr'><strong>enim</strong></span> <span class='ocrx_word' id='word_1_56' title='bbox 571 829 683 887; x_wconf 89' lang='lat' dir='ltr'><strong>tertium</strong></span> <span class='ocrx_word' id='word_1_57' title='bbox 699 825 893 904; x_wconf 89' lang='lat' dir='ltr'><strong>consulatum,</strong></span> <span class='ocrx_word' id='word_1_58' title='bbox 920 837 951 886; x_wconf 94' lang='lat' dir='ltr'><strong>ut</strong></span> <span class='ocrx_word' id='word_1_59' title='bbox 971 825 1059 886; x_wconf 90' lang='lat' dir='ltr'><strong>daret.</strong></span> <span class='ocrx_word' id='word_1_60' title='bbox 1093 825 1219 888; x_wconf 85' lang='lat' dir='ltr'><strong>Noverat</strong></span> <span class='ocrx_word' id='word_1_61' title='bbox 1279 875 1280 878; x_wconf 18' lang='grc' dir='ltr'>ι</span> 
     </span>
     <span class='ocr_line' id='line_1_8' title="bbox 212 910 1219 989; baseline 0 -19"><span class='ocrx_word' id='word_1_62' title='bbox 212 910 435 971; x_wconf 83' lang='lat' dir='ltr'><strong>moderationem</strong></span> <span class='ocrx_word' id='word_1_63' title='bbox 448 910 604 987; x_wconf 89' lang='lat' dir='ltr'><strong>hominum,</strong></span> <span class='ocrx_word' id='word_1_64' title='bbox 617 920 736 970; x_wconf 89' lang='lat' dir='ltr'><strong>noverat</strong></span> <span class='ocrx_word' id='word_1_65' title='bbox 747 910 900 988; x_wconf 89' lang='lat' dir='ltr'><strong>pudorem,</strong></span> <span class='ocrx_word' id='word_1_66' title='bbox 918 912 965 989; x_wconf 86' lang='lat' dir='ltr'><strong>qui</strong></span> <span class='ocrx_word' id='word_1_67' title='bbox 977 927 1033 968; x_wconf 91' lang='lat' dir='ltr'><strong>nou</strong></span> <span class='ocrx_word' id='word_1_68' title='bbox 1045 911 1219 971; x_wconf 88' lang='lat' dir='ltr'><strong>sustinerent</strong></span> 
     </span>
     <span class='ocr_line' id='line_1_9' title="bbox 212 992 1218 1056; baseline -0.004 -1"><span class='ocrx_word' id='word_1_69' title='bbox 212 998 299 1056; x_wconf 90' lang='lat' dir='ltr'><strong>tertio</strong></span> <span class='ocrx_word' id='word_1_70' title='bbox 316 993 450 1054; x_wconf 89' lang='lat' dir='ltr'><strong>consules</strong></span> <span class='ocrx_word' id='word_1_71' title='bbox 468 1012 534 1054; x_wconf 88' lang='lat' dir='ltr'><strong>esse</strong></span> <span class='ocrx_word' id='word_1_72' title='bbox 551 995 604 1054; x_wconf 89' lang='lat' dir='ltr'><strong>nisi</strong></span> <span class='ocrx_word' id='word_1_73' title='bbox 622 1011 685 1053; x_wconf 91' lang='lat' dir='ltr'><strong>cum</strong></span> <span class='ocrx_word' id='word_1_74' title='bbox 698 1003 744 1053; x_wconf 87' lang='lat' dir='ltr'><strong>ter</strong></span> <span class='ocrx_word' id='word_1_75' title='bbox 759 993 888 1056; x_wconf 88' lang='lat' dir='ltr'><strong>consule.</strong></span> <span class='ocrx_word' id='word_1_76' title='bbox 921 992 1067 1054; x_wconf 87' lang='lat' dir='ltr'><strong>Bellorum</strong></span> <span class='ocrx_word' id='word_1_77' title='bbox 1081 992 1160 1053; x_wconf 91' lang='lat' dir='ltr'><strong>istud</strong></span> <span class='ocrx_word' id='word_1_78' title='bbox 1174 1010 1218 1053; x_wconf 94' lang='lat' dir='ltr'><strong>so·</strong></span> 
     </span>
     <span class='ocr_line' id='line_1_10' title="bbox 214 1075 1218 1157; baseline -0.002 -19"><span class='ocrx_word' id='word_1_79' title='bbox 214 1081 265 1139; x_wconf 90' lang='lat' dir='ltr'><strong>ciis</strong></span> <span class='ocrx_word' id='word_1_80' title='bbox 281 1077 363 1155; x_wconf 93' lang='lat' dir='ltr'><strong>olim,</strong></span> <span class='ocrx_word' id='word_1_81' title='bbox 389 1075 581 1157; x_wconf 89' lang='lat' dir='ltr'><strong>periculorum</strong></span> <span class='ocrx_word' id='word_1_82' title='bbox 597 1077 795 1154; x_wconf 81' lang='lat' dir='ltr'><strong>consortibus,</strong></span> <span class='ocrx_word' id='word_1_83' title='bbox 820 1095 908 1154; x_wconf 91' lang='lat' dir='ltr'><strong>parce</strong></span> <span class='ocrx_word' id='word_1_84' title='bbox 923 1087 1016 1138; x_wconf 90' lang='lat' dir='ltr'><strong>tamen</strong></span> <span class='ocrx_word' id='word_1_85' title='bbox 1029 1077 1218 1156; x_wconf 86' lang='lat' dir='ltr'><strong>tribuebatur,</strong></span> 
     </span>
     <span class='ocr_line' id='line_1_11' title="bbox 214 1160 1254 1240; baseline 0.004 -20"><span class='ocrx_word' id='word_1_86' title='bbox 214 1161 289 1240; x_wconf 88' lang='lat' dir='ltr'><strong>quod</strong></span> <span class='ocrx_word' id='word_1_87' title='bbox 307 1170 337 1220; x_wconf 94' lang='lat' dir='ltr'><strong>tu</strong></span> <span class='ocrx_word' id='word_1_88' title='bbox 358 1160 547 1238; x_wconf 83' lang='lat' dir='ltr'><strong>singularibus</strong></span> <span class='ocrx_word' id='word_1_89' title='bbox 569 1163 653 1238; x_wconf 85' lang='lat' dir='ltr'><strong>uiris,</strong></span> <span class='ocrx_word' id='word_1_90' title='bbox 679 1179 713 1220; x_wconf 93' lang='lat' dir='ltr'><strong>ac</strong></span> <span class='ocrx_word' id='word_1_91' title='bbox 729 1160 763 1220; x_wconf 90' lang='lat' dir='ltr'><strong>de</strong></span> <span class='ocrx_word' id='word_1_92' title='bbox 780 1169 809 1220; x_wconf 90' lang='lat' dir='ltr'><strong>te</strong></span> <span class='ocrx_word' id='word_1_93' title='bbox 825 1160 938 1239; x_wconf 86' lang='lat' dir='ltr'><strong>quidem</strong></span> <span class='ocrx_word' id='word_1_94' title='bbox 952 1161 1026 1220; x_wconf 90' lang='lat' dir='ltr'><strong>bene</strong></span> <span class='ocrx_word' id='word_1_95' title='bbox 1043 1178 1077 1220; x_wconf 91' lang='lat' dir='ltr'><strong>ac</strong></span> <span class='ocrx_word' id='word_1_96' title='bbox 1094 1160 1254 1238; x_wconf 86' lang='lat' dir='ltr'><strong>iortiter,10</strong></span> 
     </span>
     <span class='ocr_line' id='line_1_12' title="bbox 213 1243 1219 1323; baseline 0 -19"><span class='ocrx_word' id='word_1_97' title='bbox 213 1245 265 1304; x_wconf 92' lang='lat' dir='ltr'><strong>sed</strong></span> <span class='ocrx_word' id='word_1_98' title='bbox 282 1246 445 1323; x_wconf 88' lang='lat' dir='ltr'><strong>praestitisti</strong></span> <span class='ocrx_word' id='word_1_99' title='bbox 460 1246 488 1303; x_wconf 95' lang='lat' dir='ltr'><strong>in</strong></span> <span class='ocrx_word' id='word_1_100' title='bbox 503 1252 570 1322; x_wconf 87' lang='lat' dir='ltr'><strong>toga</strong></span> <span class='ocrx_word' id='word_1_101' title='bbox 584 1245 699 1304; x_wconf 91' lang='lat' dir='ltr'><strong>meritis.</strong></span> <span class='ocrx_word' id='word_1_102' title='bbox 720 1243 874 1322; x_wconf 85' lang='lat' dir='ltr'><strong>Utriusque</strong></span> <span class='ocrx_word' id='word_1_103' title='bbox 891 1262 968 1323; x_wconf 90' lang='lat' dir='ltr'><strong>cura,</strong></span> <span class='ocrx_word' id='word_1_104' title='bbox 984 1245 1133 1322; x_wconf 85' lang='lat' dir='ltr'><strong>utriusque</strong></span> <span class='ocrx_word' id='word_1_105' title='bbox 1149 1247 1219 1322; x_wconf 82' lang='lat' dir='ltr'><strong>vigi·</strong></span> 
     </span>
     <span class='ocr_line' id='line_1_13' title="bbox 212 1326 1280 1408; baseline -0.001 -20"><span class='ocrx_word' id='word_1_106' title='bbox 212 1329 296 1389; x_wconf 87' lang='lat' dir='ltr'><strong>lautia</strong></span> <span class='ocrx_word' id='word_1_107' title='bbox 312 1329 464 1388; x_wconf 90' lang='lat' dir='ltr'><strong>obstrictus</strong></span> <span class='ocrx_word' id='word_1_108' title='bbox 480 1345 529 1403; x_wconf 92' lang='lat' dir='ltr'><strong>cs,</strong></span> <span class='ocrx_word' id='word_1_109' title='bbox 554 1326 667 1389; x_wconf 82' lang='lat' dir='ltr'><strong>Cacsar.</strong></span> <span class='ocrx_word' id='word_1_110' title='bbox 700 1326 758 1388; x_wconf 90' lang='lat' dir='ltr'><strong>Sed</strong></span> <span class='ocrx_word' id='word_1_111' title='bbox 778 1329 807 1387; x_wconf 93' lang='lat' dir='ltr'><strong>in</strong></span> <span class='ocrx_word' id='word_1_112' title='bbox 821 1329 951 1407; x_wconf 89' lang='lat' dir='ltr'><strong>principe</strong></span> <span class='ocrx_word' id='word_1_113' title='bbox 965 1344 1058 1388; x_wconf 88' lang='lat' dir='ltr'><strong>rarum</strong></span> <span class='ocrx_word' id='word_1_114' title='bbox 1077 1345 1112 1388; x_wconf 90' lang='lat' dir='ltr'><strong>ac</strong></span> <span class='ocrx_word' id='word_1_115' title='bbox 1127 1345 1220 1406; x_wconf 93' lang='lat' dir='ltr'><strong>prope</strong></span> <span class='ocrx_word' id='word_1_116' title='bbox 1279 1403 1280 1408; x_wconf 8' lang='grc' dir='ltr'>ἵ</span> 
     </span>
     <span class='ocr_line' id='line_1_14' title="bbox 211 1410 1220 1490; baseline 0.002 -20"><span class='ocrx_word' id='word_1_117' title='bbox 211 1411 356 1472; x_wconf 88' lang='lat' dir='ltr'><strong>insolitum</strong></span> <span class='ocrx_word' id='word_1_118' title='bbox 371 1420 416 1472; x_wconf 91' lang='lat' dir='ltr'><strong>est</strong></span> <span class='ocrx_word' id='word_1_119' title='bbox 431 1420 461 1470; x_wconf 93' lang='lat' dir='ltr'><strong>ut</strong></span> <span class='ocrx_word' id='word_1_120' title='bbox 476 1430 508 1471; x_wconf 89' lang='lat' dir='ltr'><strong>se</strong></span> <span class='ocrx_word' id='word_1_121' title='bbox 524 1420 605 1490; x_wconf 90' lang='lat' dir='ltr'><strong>putet</strong></span> <span class='ocrx_word' id='word_1_122' title='bbox 620 1410 786 1489; x_wconf 89' lang='lat' dir='ltr'><strong>obligatum,</strong></span> <span class='ocrx_word' id='word_1_123' title='bbox 802 1420 850 1471; x_wconf 93' lang='lat' dir='ltr'><strong>aut</strong></span> <span class='ocrx_word' id='word_1_124' title='bbox 865 1413 889 1472; x_wconf 91' lang='lat' dir='ltr'><strong>si</strong></span> <span class='ocrx_word' id='word_1_125' title='bbox 904 1420 995 1490; x_wconf 91' lang='lat' dir='ltr'><strong>putet,</strong></span> <span class='ocrx_word' id='word_1_126' title='bbox 1011 1420 1096 1471; x_wconf 87' lang='lat' dir='ltr'><strong>amet.</strong></span> <span class='ocrx_word' id='word_1_127' title='bbox 1119 1411 1220 1472; x_wconf 87' lang='lat' dir='ltr'><strong>Debes</strong></span> 
     </span>
     <span class='ocr_line' id='line_1_15' title="bbox 213 1493 1220 1573; baseline 0 -20"><span class='ocrx_word' id='word_1_128' title='bbox 213 1512 300 1573; x_wconf 85' lang='lat' dir='ltr'><strong>ergo,</strong></span> <span class='ocrx_word' id='word_1_129' title='bbox 318 1493 440 1572; x_wconf 79' lang='lat' dir='ltr'><strong>Caesar,</strong></span> <span class='ocrx_word' id='word_1_130' title='bbox 456 1504 485 1554; x_wconf 91' lang='lat' dir='ltr'><strong>et</strong></span> <span class='ocrx_word' id='word_1_131' title='bbox 501 1494 600 1555; x_wconf 87' lang='lat' dir='ltr'><strong>solvis.</strong></span> <span class='ocrx_word' id='word_1_132' title='bbox 629 1494 687 1555; x_wconf 88' lang='lat' dir='ltr'><strong>Sed</strong></span> <span class='ocrx_word' id='word_1_133' title='bbox 703 1512 767 1554; x_wconf 90' lang='lat' dir='ltr'><strong>cum</strong></span> <span class='ocrx_word' id='word_1_134' title='bbox 781 1503 826 1555; x_wconf 87' lang='lat' dir='ltr'><strong>ter</strong></span> <span class='ocrx_word' id='word_1_135' title='bbox 840 1495 976 1554; x_wconf 92' lang='lat' dir='ltr'><strong>consules</strong></span> <span class='ocrx_word' id='word_1_136' title='bbox 992 1495 1080 1570; x_wconf 88' lang='lat' dir='ltr'><strong>iacis,</strong></span> <span class='ocrx_word' id='word_1_137' title='bbox 1097 1510 1156 1554; x_wconf 91' lang='lat' dir='ltr'><strong>non</strong></span> <span class='ocrx_word' id='word_1_138' title='bbox 1171 1496 1220 1556; x_wconf 89' lang='lat' dir='ltr'><strong>tibi</strong></span> 
     </span>
     <span class='ocr_line' id='line_1_16' title="bbox 212 1576 1256 1657; baseline 0.006 -21"><span class='ocrx_word' id='word_1_139' title='bbox 212 1596 330 1654; x_wconf 87' lang='lat' dir='ltr'><strong>magnus</strong></span> <span class='ocrx_word' id='word_1_140' title='bbox 344 1580 497 1657; x_wconf 89' lang='lat' dir='ltr'><strong>princeps,</strong></span> <span class='ocrx_word' id='word_1_141' title='bbox 513 1578 566 1639; x_wconf 90' lang='lat' dir='ltr'><strong>sed</strong></span> <span class='ocrx_word' id='word_1_142' title='bbox 581 1595 638 1638; x_wconf 93' lang='lat' dir='ltr'><strong>non</strong></span> <span class='ocrx_word' id='word_1_143' title='bbox 653 1581 780 1656; x_wconf 86' lang='lat' dir='ltr'><strong>ingratus</strong></span> <span class='ocrx_word' id='word_1_144' title='bbox 795 1581 901 1639; x_wconf 90' lang='lat' dir='ltr'><strong>amicus</strong></span> <span class='ocrx_word' id='word_1_145' title='bbox 910 1578 1027 1639; x_wconf 83' lang='lat' dir='ltr'><strong>rideris.</strong></span> <span class='ocrx_word' id='word_1_146' title='bbox 1048 1576 1122 1650; x_wconf 84' lang='lat' dir='ltr'><strong>Qun</strong></span> <span class='ocrx_word' id='word_1_147' title='bbox 1136 1581 1221 1639; x_wconf 89' lang='lat' dir='ltr'><strong>etiam</strong></span> <span class='ocrx_word' id='word_1_148' title='bbox 1230 1589 1256 1641; x_wconf 78' lang='grc' dir='ltr'><strong>ιι</strong></span> 
     </span>
     <span class='ocr_line' id='line_1_17' title="bbox 213 1660 1280 1740; baseline 0.001 -19"><span class='ocrx_word' id='word_1_149' title='bbox 213 1679 349 1740; x_wconf 86' lang='lat' dir='ltr'><strong>perquam</strong></span> <span class='ocrx_word' id='word_1_150' title='bbox 361 1660 472 1720; x_wconf 91' lang='lat' dir='ltr'><strong>modica</strong></span> <span class='ocrx_word' id='word_1_151' title='bbox 481 1661 616 1740; x_wconf 87' lang='lat' dir='ltr'><strong>quaedam</strong></span> <span class='ocrx_word' id='word_1_152' title='bbox 630 1664 731 1721; x_wconf 84' lang='lat' dir='ltr'><strong>civium</strong></span> <span class='ocrx_word' id='word_1_153' title='bbox 744 1665 843 1723; x_wconf 89' lang='lat' dir='ltr'><strong>merita</strong></span> <span class='ocrx_word' id='word_1_154' title='bbox 853 1662 983 1724; x_wconf 88' lang='lat' dir='ltr'><strong>lortnuae</strong></span> <span class='ocrx_word' id='word_1_155' title='bbox 996 1670 1060 1721; x_wconf 90' lang='lat' dir='ltr'><strong>tuae</strong></span> <span class='ocrx_word' id='word_1_156' title='bbox 1071 1662 1185 1722; x_wconf 86' lang='lat' dir='ltr'><strong>viribus</strong></span> <span class='ocrx_word' id='word_1_157' title='bbox 1196 1666 1223 1722; x_wconf 92' lang='lat' dir='ltr'><strong>in</strong></span> <span class='ocrx_word' id='word_1_158' title='bbox 1279 1687 1280 1730; x_wconf 67' lang='grc' dir='ltr'><strong>ι</strong></span> 
     </span>
     <span class='ocr_line' id='line_1_18' title="bbox 211 1742 1223 1825; baseline 0 -21"><span class='ocrx_word' id='word_1_159' title='bbox 211 1747 300 1804; x_wconf 89' lang='lat' dir='ltr'><strong>maius</strong></span> <span class='ocrx_word' id='word_1_160' title='bbox 316 1742 440 1806; x_wconf 86' lang='lat' dir='ltr'><strong>extollis.</strong></span> <span class='ocrx_word' id='word_1_161' title='bbox 469 1743 569 1805; x_wconf 86' lang='lat' dir='ltr'><strong>Ellicis</strong></span> <span class='ocrx_word' id='word_1_162' title='bbox 584 1747 658 1804; x_wconf 89' lang='lat' dir='ltr'><strong>enim</strong></span> <span class='ocrx_word' id='word_1_163' title='bbox 672 1755 703 1805; x_wconf 89' lang='lat' dir='ltr'><strong>ut</strong></span> <span class='ocrx_word' id='word_1_164' title='bbox 717 1755 822 1806; x_wconf 90' lang='lat' dir='ltr'><strong>tantum</strong></span> <span class='ocrx_word' id='word_1_165' title='bbox 837 1746 888 1806; x_wconf 94' lang='lat' dir='ltr'><strong>tibi</strong></span> <span class='ocrx_word' id='word_1_166' title='bbox 906 1748 1026 1825; x_wconf 88' lang='lat' dir='ltr'><strong>quisque</strong></span> <span class='ocrx_word' id='word_1_167' title='bbox 1039 1749 1223 1824; x_wconf 86' lang='lat' dir='ltr'><strong>praestitisse</strong></span> 
     </span>
     <span class='ocr_line' id='line_1_19' title="bbox 212 1826 1280 1908; baseline -0.002 -20"><span class='ocrx_word' id='word_1_168' title='bbox 212 1829 341 1889; x_wconf 89' lang='lat' dir='ltr'><strong>videatur</strong></span> <span class='ocrx_word' id='word_1_169' title='bbox 351 1837 482 1908; x_wconf 88' lang='lat' dir='ltr'><strong>quantum</strong></span> <span class='ocrx_word' id='word_1_170' title='bbox 495 1846 511 1888; x_wconf 92' lang='lat' dir='ltr'><strong>a</strong></span> <span class='ocrx_word' id='word_1_171' title='bbox 525 1837 554 1888; x_wconf 91' lang='lat' dir='ltr'><strong>te</strong></span> <span class='ocrx_word' id='word_1_172' title='bbox 569 1830 681 1906; x_wconf 90' lang='lat' dir='ltr'><strong>recipit.</strong></span> <span class='ocrx_word' id='word_1_173' title='bbox 699 1827 774 1902; x_wconf 85' lang='lat' dir='ltr'><strong>Quid</strong></span> <span class='ocrx_word' id='word_1_174' title='bbox 785 1831 831 1890; x_wconf 88' lang='lat' dir='ltr'><strong>isti</strong></span> <span class='ocrx_word' id='word_1_175' title='bbox 846 1830 1012 1908; x_wconf 80' lang='lat' dir='ltr'><strong>benignitati</strong></span> <span class='ocrx_word' id='word_1_176' title='bbox 1023 1826 1153 1908; x_wconf 82' lang='lat' dir='ltr'><strong>precer?</strong></span> <span class='ocrx_word' id='word_1_177' title='bbox 1170 1831 1223 1890; x_wconf 89' lang='lat' dir='ltr'><strong>nisi</strong></span> <span class='ocrx_word' id='word_1_178' title='bbox 1279 1839 1280 1886; x_wconf 61' lang='lat' dir='ltr'><strong>l</strong></span> 
     </span>
     <span class='ocr_line' id='line_1_20' title="bbox 213 1911 1223 1992; baseline 0.001 -22"><span class='ocrx_word' id='word_1_179' title='bbox 213 1920 244 1972; x_wconf 91' lang='grc' dir='ltr'><strong>ιι</strong></span> <span class='ocrx_word' id='word_1_180' title='bbox 259 1931 373 1992; x_wconf 89' lang='lat' dir='ltr'><strong>semper</strong></span> <span class='ocrx_word' id='word_1_181' title='bbox 388 1912 518 1990; x_wconf 81' lang='lat' dir='ltr'><strong>obliges,</strong></span> <span class='ocrx_word' id='word_1_182' title='bbox 541 1911 694 1990; x_wconf 84' lang='lat' dir='ltr'><strong>obligaris,</strong></span> <span class='ocrx_word' id='word_1_183' title='bbox 715 1914 910 1992; x_wconf 87' lang='lat' dir='ltr'><strong>incertumque</strong></span> <span class='ocrx_word' id='word_1_184' title='bbox 927 1913 1014 1973; x_wconf 89' lang='lat' dir='ltr'><strong>iacias</strong></span> <span class='ocrx_word' id='word_1_185' title='bbox 1026 1922 1119 1972; x_wconf 90' lang='lat' dir='ltr'><strong>utrum</strong></span> <span class='ocrx_word' id='word_1_186' title='bbox 1130 1915 1223 1991; x_wconf 85' lang='lat' dir='ltr'><strong>magis</strong></span> 
     </span>
    </p>

    <p class='ocr_par' dir='ltr' id='par_1_3' title="bbox 162 1995 1280 3499">
     <span class='ocr_line' id='line_1_21' title="bbox 162 1995 1258 2075; baseline 0 -17"><span class='ocrx_word' id='word_1_187' title='bbox 162 1995 203 2060; x_wconf 84' lang='lat' dir='ltr'><strong>ul</strong></span> <span class='ocrx_word' id='word_1_188' title='bbox 216 1995 349 2075; x_wconf 83' lang='lat' dir='ltr'><strong>expediat</strong></span> <span class='ocrx_word' id='word_1_189' title='bbox 365 1997 475 2058; x_wconf 87' lang='lat' dir='ltr'><strong>civibus</strong></span> <span class='ocrx_word' id='word_1_190' title='bbox 488 1998 543 2056; x_wconf 91' lang='lat' dir='ltr'><strong>tuis</strong></span> <span class='ocrx_word' id='word_1_191' title='bbox 554 1995 661 2056; x_wconf 91' lang='lat' dir='ltr'><strong>debere</strong></span> <span class='ocrx_word' id='word_1_192' title='bbox 676 1997 727 2056; x_wconf 92' lang='lat' dir='ltr'><strong>tibi</strong></span> <span class='ocrx_word' id='word_1_193' title='bbox 739 2014 773 2055; x_wconf 94' lang='lat' dir='ltr'><strong>an</strong></span> <span class='ocrx_word' id='word_1_194' title='bbox 784 1998 972 2074; x_wconf 88' lang='lat' dir='ltr'><strong>praestitisse.</strong></span> <span class='ocrx_word' id='word_1_195' title='bbox 990 1995 1133 2074; x_wconf 82' lang='lat' dir='ltr'><strong>Equidem</strong></span> <span class='ocrx_word' id='word_1_196' title='bbox 1143 1995 1258 2058; x_wconf 82' lang='lat' dir='ltr'><strong>illumao</strong></span> 
     </span>
     <span class='ocr_line' id='line_1_22' title="bbox 213 2079 1222 2158; baseline -0.001 -19"><span class='ocrx_word' id='word_1_197' title='bbox 213 2082 357 2158; x_wconf 86' lang='lat' dir='ltr'><strong>antiquum</strong></span> <span class='ocrx_word' id='word_1_198' title='bbox 373 2089 499 2140; x_wconf 83' lang='lat' dir='ltr'><strong>senatum</strong></span> <span class='ocrx_word' id='word_1_199' title='bbox 515 2083 643 2139; x_wconf 89' lang='lat' dir='ltr'><strong>contueri</strong></span> <span class='ocrx_word' id='word_1_200' title='bbox 656 2079 789 2156; x_wconf 83' lang='lat' dir='ltr'><strong>videbar,</strong></span> <span class='ocrx_word' id='word_1_201' title='bbox 807 2098 869 2139; x_wconf 94' lang='lat' dir='ltr'><strong>cum</strong></span> <span class='ocrx_word' id='word_1_202' title='bbox 880 2090 925 2140; x_wconf 88' lang='lat' dir='ltr'><strong>ter</strong></span> <span class='ocrx_word' id='word_1_203' title='bbox 940 2079 1058 2140; x_wconf 92' lang='lat' dir='ltr'><strong>consule</strong></span> <span class='ocrx_word' id='word_1_204' title='bbox 1070 2079 1222 2140; x_wconf 85' lang='lat' dir='ltr'><strong>adsidente</strong></span> 
     </span>
     <span class='ocr_line' id='line_1_23' title="bbox 213 2161 1280 2246; baseline -0.001 -24"><span class='ocrx_word' id='word_1_205' title='bbox 213 2166 296 2223; x_wconf 90' lang='lat' dir='ltr'><strong>tortio</strong></span> <span class='ocrx_word' id='word_1_206' title='bbox 310 2161 456 2224; x_wconf 90' lang='lat' dir='ltr'><strong>consulem</strong></span> <span class='ocrx_word' id='word_1_207' title='bbox 467 2162 747 2241; x_wconf 86' lang='lat' dir='ltr'><strong>designatumrogari</strong></span> <span class='ocrx_word' id='word_1_208' title='bbox 759 2165 926 2224; x_wconf 86' lang='lat' dir='ltr'><strong>sententiam</strong></span> <span class='ocrx_word' id='word_1_209' title='bbox 937 2180 1094 2223; x_wconf 88' lang='lat' dir='ltr'><strong>cernerem.</strong></span> <span class='ocrx_word' id='word_1_210' title='bbox 1118 2161 1223 2236; x_wconf 84' lang='lat' dir='ltr'><strong>Quanti</strong></span> <span class='ocrx_word' id='word_1_211' title='bbox 1279 2223 1280 2246; x_wconf 61' lang='grc'>,</span> 
     </span>
     <span class='ocr_line' id='line_1_24' title="bbox 213 2246 1280 2326; baseline -0.003 -18"><span class='ocrx_word' id='word_1_212' title='bbox 213 2257 281 2308; x_wconf 88' lang='lat' dir='ltr'><strong>tunc</strong></span> <span class='ocrx_word' id='word_1_213' title='bbox 297 2246 354 2325; x_wconf 94' lang='lat' dir='ltr'><strong>illi,</strong></span> <span class='ocrx_word' id='word_1_214' title='bbox 372 2257 549 2325; x_wconf 88' lang='lat' dir='ltr'><strong>quantusque</strong></span> <span class='ocrx_word' id='word_1_215' title='bbox 563 2246 608 2307; x_wconf 89' lang='lat' dir='ltr'><strong>tu!</strong></span> <span class='ocrx_word' id='word_1_216' title='bbox 626 2247 740 2308; x_wconf 79' lang='lat' dir='ltr'><strong>Accidit</strong></span> <span class='ocrx_word' id='word_1_217' title='bbox 755 2247 869 2325; x_wconf 86' lang='lat' dir='ltr'><strong>quidem</strong></span> <span class='ocrx_word' id='word_1_218' title='bbox 882 2255 913 2308; x_wconf 92' lang='lat' dir='ltr'><strong>ut</strong></span> <span class='ocrx_word' id='word_1_219' title='bbox 928 2264 1049 2326; x_wconf 89' lang='lat' dir='ltr'><strong>corpora</strong></span> <span class='ocrx_word' id='word_1_220' title='bbox 1064 2247 1223 2326; x_wconf 83' lang='lat' dir='ltr'><strong>quamlibet</strong></span> <span class='ocrx_word' id='word_1_221' title='bbox 1279 2251 1280 2256; x_wconf 77' lang='grc'>’</span> 
     </span>
     <span class='ocr_line' id='line_1_25' title="bbox 214 2328 1280 2406; baseline 0.002 -18"><span class='ocrx_word' id='word_1_222' title='bbox 214 2329 298 2390; x_wconf 89' lang='lat' dir='ltr'><strong>ardua</strong></span> <span class='ocrx_word' id='word_1_223' title='bbox 314 2339 342 2390; x_wconf 90' lang='lat' dir='ltr'><strong>et</strong></span> <span class='ocrx_word' id='word_1_224' title='bbox 358 2328 475 2389; x_wconf 84' lang='lat' dir='ltr'><strong>excelsa</strong></span> <span class='ocrx_word' id='word_1_225' title='bbox 494 2331 708 2406; x_wconf 91' lang='lat' dir='ltr'><strong>procerioribus</strong></span> <span class='ocrx_word' id='word_1_226' title='bbox 722 2331 833 2391; x_wconf 90' lang='lat' dir='ltr'><strong>admota</strong></span> <span class='ocrx_word' id='word_1_227' title='bbox 847 2330 1031 2398; x_wconf 87' lang='lat' dir='ltr'><strong>decrescant;</strong></span> <span class='ocrx_word' id='word_1_228' title='bbox 1053 2331 1124 2390; x_wconf 90' lang='lat' dir='ltr'><strong>item</strong></span> <span class='ocrx_word' id='word_1_229' title='bbox 1139 2340 1172 2392; x_wconf 94' lang='lat' dir='ltr'><strong>nt</strong></span> <span class='ocrx_word' id='word_1_230' title='bbox 1186 2331 1223 2390; x_wconf 88' lang='lat' dir='ltr'><strong>al·</strong></span> <span class='ocrx_word' id='word_1_231' title='bbox 1279 2355 1280 2362; x_wconf 35' lang='grc' dir='ltr'>ι</span> 
     </span>
     <span class='ocr_line' id='line_1_26' title="bbox 214 2412 1260 2495; baseline 0.003 -24"><span class='ocrx_word' id='word_1_232' title='bbox 214 2415 339 2472; x_wconf 89' lang='lat' dir='ltr'><strong>tissimae</strong></span> <span class='ocrx_word' id='word_1_233' title='bbox 357 2414 459 2471; x_wconf 86' lang='lat' dir='ltr'><strong>civium</strong></span> <span class='ocrx_word' id='word_1_234' title='bbox 474 2412 624 2490; x_wconf 87' lang='lat' dir='ltr'><strong>dignitates</strong></span> <span class='ocrx_word' id='word_1_235' title='bbox 640 2413 791 2474; x_wconf 91' lang='lat' dir='ltr'><strong>collatione</strong></span> <span class='ocrx_word' id='word_1_236' title='bbox 803 2413 907 2492; x_wconf 87' lang='lat' dir='ltr'><strong>lastigii</strong></span> <span class='ocrx_word' id='word_1_237' title='bbox 918 2416 958 2474; x_wconf 91' lang='grc' dir='ltr'><strong>ιιι</strong></span> <span class='ocrx_word' id='word_1_238' title='bbox 970 2415 1050 2495; x_wconf 88' lang='lat' dir='ltr'><strong>quasi</strong></span> <span class='ocrx_word' id='word_1_239' title='bbox 1061 2413 1260 2494; x_wconf 67' lang='lat' dir='ltr'><strong>deprimente</strong></span> 
     </span>
     <span class='ocr_line' id='line_1_27' title="bbox 213 2495 1222 2576; baseline 0.004 -22"><span class='ocrx_word' id='word_1_240' title='bbox 213 2504 274 2571; x_wconf 87' lang='lat' dir='ltr'><strong>tur,</strong></span> <span class='ocrx_word' id='word_1_241' title='bbox 306 2503 469 2574; x_wconf 88' lang='lat' dir='ltr'><strong>quantoque</strong></span> <span class='ocrx_word' id='word_1_242' title='bbox 490 2497 608 2576; x_wconf 93' lang='lat' dir='ltr'><strong>propius</strong></span> <span class='ocrx_word' id='word_1_243' title='bbox 635 2495 671 2556; x_wconf 92' lang='lat' dir='ltr'><strong>ad</strong></span> <span class='ocrx_word' id='word_1_244' title='bbox 690 2497 911 2574; x_wconf 87' lang='lat' dir='ltr'><strong>magnitudinem</strong></span> <span class='ocrx_word' id='word_1_245' title='bbox 930 2506 1006 2562; x_wconf 91' lang='lat' dir='ltr'><strong>tuam</strong></span> <span class='ocrx_word' id='word_1_246' title='bbox 1026 2498 1222 2574; x_wconf 88' lang='lat' dir='ltr'><strong>ascenderint,</strong></span> 
     </span>
     <span class='ocr_line' id='line_1_28' title="bbox 213 2578 1225 2661; baseline 0.004 -22"><span class='ocrx_word' id='word_1_247' title='bbox 213 2588 319 2639; x_wconf 92' lang='lat' dir='ltr'><strong>tantum</strong></span> <span class='ocrx_word' id='word_1_248' title='bbox 331 2581 415 2639; x_wconf 86' lang='lat' dir='ltr'><strong>etiam</strong></span> <span class='ocrx_word' id='word_1_249' title='bbox 426 2597 442 2638; x_wconf 93' lang='lat' dir='ltr'><strong>a</strong></span> <span class='ocrx_word' id='word_1_250' title='bbox 453 2598 503 2640; x_wconf 90' lang='lat' dir='ltr'><strong>sua</strong></span> <span class='ocrx_word' id='word_1_251' title='bbox 514 2579 701 2642; x_wconf 86' lang='lat' dir='ltr'><strong>descendisse</strong></span> <span class='ocrx_word' id='word_1_252' title='bbox 714 2580 870 2642; x_wconf 84' lang='lat' dir='ltr'><strong>videantur.</strong></span> <span class='ocrx_word' id='word_1_253' title='bbox 887 2578 956 2643; x_wconf 91' lang='lat' dir='ltr'><strong>Illos</strong></span> <span class='ocrx_word' id='word_1_254' title='bbox 968 2591 1060 2644; x_wconf 84' lang='lat' dir='ltr'><strong>tamen</strong></span> <span class='ocrx_word' id='word_1_255' title='bbox 1072 2590 1113 2656; x_wconf 87' lang='lat' dir='ltr'><strong>tu,</strong></span> <span class='ocrx_word' id='word_1_256' title='bbox 1128 2600 1225 2661; x_wconf 78' lang='lat' dir='ltr'><strong>quam</strong></span> 
     </span>
     <span class='ocr_line' id='line_1_29' title="bbox 215 2664 1280 2745; baseline 0.007 -23"><span class='ocrx_word' id='word_1_257' title='bbox 215 2681 297 2742; x_wconf 89' lang='lat' dir='ltr'><strong>quam</strong></span> <span class='ocrx_word' id='word_1_258' title='bbox 310 2681 367 2723; x_wconf 93' lang='lat' dir='ltr'><strong>non</strong></span> <span class='ocrx_word' id='word_1_259' title='bbox 381 2665 497 2742; x_wconf 88' lang='lat' dir='ltr'><strong>potuisti</strong></span> <span class='ocrx_word' id='word_1_260' title='bbox 511 2664 562 2724; x_wconf 92' lang='lat' dir='ltr'><strong>tibi</strong></span> <span class='ocrx_word' id='word_1_261' title='bbox 577 2682 718 2745; x_wconf 85' lang='lat' dir='ltr'><strong>aequare,</strong></span> <span class='ocrx_word' id='word_1_262' title='bbox 736 2683 799 2726; x_wconf 93' lang='lat' dir='ltr'><strong>cum</strong></span> <span class='ocrx_word' id='word_1_263' title='bbox 814 2665 923 2741; x_wconf 85' lang='lat' dir='ltr'><strong>velles,</strong></span> <span class='ocrx_word' id='word_1_264' title='bbox 938 2664 1012 2727; x_wconf 88' lang='lat' dir='ltr'><strong>adeo</strong></span> <span class='ocrx_word' id='word_1_265' title='bbox 1022 2666 1051 2725; x_wconf 92' lang='lat' dir='ltr'><strong>in</strong></span> <span class='ocrx_word' id='word_1_266' title='bbox 1061 2665 1145 2725; x_wconf 88' lang='lat' dir='ltr'><strong>edito</strong></span> <span class='ocrx_word' id='word_1_267' title='bbox 1158 2682 1225 2726; x_wconf 91' lang='lat' dir='ltr'><strong>con·</strong></span> <span class='ocrx_word' id='word_1_268' title='bbox 1279 2711 1280 2729; x_wconf 51' lang='grc' dir='ltr'>ι</span> 
     </span>
     <span class='ocr_line' id='line_1_30' title="bbox 213 2747 1280 2829; baseline 0.001 -22"><span class='ocrx_word' id='word_1_269' title='bbox 213 2747 316 2807; x_wconf 90' lang='lat' dir='ltr'><strong>locasti</strong></span> <span class='ocrx_word' id='word_1_270' title='bbox 336 2757 366 2808; x_wconf 90' lang='lat' dir='ltr'><strong>ut</strong></span> <span class='ocrx_word' id='word_1_271' title='bbox 387 2756 493 2807; x_wconf 90' lang='lat' dir='ltr'><strong>tantum</strong></span> <span class='ocrx_word' id='word_1_272' title='bbox 513 2766 602 2827; x_wconf 90' lang='lat' dir='ltr'><strong>super</strong></span> <span class='ocrx_word' id='word_1_273' title='bbox 616 2759 731 2810; x_wconf 90' lang='lat' dir='ltr'><strong>ceteros</strong></span> <span class='ocrx_word' id='word_1_274' title='bbox 748 2758 880 2829; x_wconf 89' lang='lat' dir='ltr'><strong>quantum</strong></span> <span class='ocrx_word' id='word_1_275' title='bbox 894 2749 966 2809; x_wconf 89' lang='lat' dir='ltr'><strong>inira</strong></span> <span class='ocrx_word' id='word_1_276' title='bbox 980 2759 1009 2810; x_wconf 91' lang='lat' dir='ltr'><strong>te</strong></span> <span class='ocrx_word' id='word_1_277' title='bbox 1025 2758 1224 2810; x_wconf 91' lang='lat' dir='ltr'><strong>cernerentur.</strong></span> <span class='ocrx_word' id='word_1_278' title='bbox 1279 2809 1280 2827; x_wconf 59' lang='grc'>,</span> 
     </span>
     <span class='ocr_line' id='line_1_31' title="bbox 215 2831 1280 2914; baseline 0.004 -24"><span class='ocrx_word' id='word_1_279' title='bbox 215 2832 245 2890; x_wconf 89' lang='lat' dir='ltr'><strong>Si</strong></span> <span class='ocrx_word' id='word_1_280' title='bbox 266 2833 347 2889; x_wconf 93' lang='lat' dir='ltr'><strong>unius</strong></span> <span class='ocrx_word' id='word_1_281' title='bbox 369 2833 481 2892; x_wconf 89' lang='lat' dir='ltr'><strong>tertium</strong></span> <span class='ocrx_word' id='word_1_282' title='bbox 503 2831 680 2892; x_wconf 91' lang='lat' dir='ltr'><strong>consulatum</strong></span> <span class='ocrx_word' id='word_1_283' title='bbox 701 2832 821 2893; x_wconf 88' lang='lat' dir='ltr'><strong>eundem</strong></span> <span class='ocrx_word' id='word_1_284' title='bbox 842 2835 871 2892; x_wconf 90' lang='lat' dir='ltr'><strong>in</strong></span> <span class='ocrx_word' id='word_1_285' title='bbox 886 2850 986 2894; x_wconf 89' lang='lat' dir='ltr'><strong>aunum</strong></span> <span class='ocrx_word' id='word_1_286' title='bbox 999 2835 1027 2892; x_wconf 91' lang='lat' dir='ltr'><strong>in</strong></span> <span class='ocrx_word' id='word_1_287' title='bbox 1043 2849 1130 2910; x_wconf 83' lang='lat' dir='ltr'><strong>quem</strong></span> <span class='ocrx_word' id='word_1_288' title='bbox 1147 2839 1280 2914; x_wconf 59' lang='lat' dir='ltr'><strong>inundo}</strong></span> 
     </span>
     <span class='ocr_line' id='line_1_32' title="bbox 215 2912 1227 2994; baseline 0.003 -21"><span class='ocrx_word' id='word_1_289' title='bbox 215 2912 404 2990; x_wconf 88' lang='lat' dir='ltr'><strong>contulisses,</strong></span> <span class='ocrx_word' id='word_1_290' title='bbox 426 2916 548 2991; x_wconf 87' lang='lat' dir='ltr'><strong>ingentis</strong></span> <span class='ocrx_word' id='word_1_291' title='bbox 562 2917 645 2975; x_wconf 89' lang='lat' dir='ltr'><strong>animi</strong></span> <span class='ocrx_word' id='word_1_292' title='bbox 660 2917 808 2994; x_wconf 88' lang='lat' dir='ltr'><strong>specimen</strong></span> <span class='ocrx_word' id='word_1_293' title='bbox 825 2915 986 2978; x_wconf 88' lang='lat' dir='ltr'><strong>haberetur.</strong></span> <span class='ocrx_word' id='word_1_294' title='bbox 1013 2915 1051 2976; x_wconf 88' lang='lat' dir='ltr'><strong>Ut</strong></span> <span class='ocrx_word' id='word_1_295' title='bbox 1067 2917 1144 2976; x_wconf 86' lang='lat' dir='ltr'><strong>enim</strong></span> <span class='ocrx_word' id='word_1_296' title='bbox 1161 2915 1227 2976; x_wconf 90' lang='lat' dir='ltr'><strong>leli·</strong></span> 
     </span>
     <span class='ocr_line' id='line_1_33' title="bbox 215 2998 1280 3084; baseline 0.003 -29"><span class='ocrx_word' id='word_1_297' title='bbox 215 2998 306 3056; x_wconf 89' lang='lat' dir='ltr'><strong>citatis</strong></span> <span class='ocrx_word' id='word_1_298' title='bbox 322 3006 366 3057; x_wconf 90' lang='lat' dir='ltr'><strong>est</strong></span> <span class='ocrx_word' id='word_1_299' title='bbox 381 3006 512 3076; x_wconf 87' lang='lat' dir='ltr'><strong>qnantum</strong></span> <span class='ocrx_word' id='word_1_300' title='bbox 523 2998 597 3061; x_wconf 85' lang='lat' dir='ltr'><strong>velis</strong></span> <span class='ocrx_word' id='word_1_301' title='bbox 609 3017 715 3079; x_wconf 89' lang='lat' dir='ltr'><strong>posse,</strong></span> <span class='ocrx_word' id='word_1_302' title='bbox 727 3003 774 3078; x_wconf 21' lang='lat' dir='ltr'><strong>*sic</strong></span> <span class='ocrx_word' id='word_1_303' title='bbox 787 2999 985 3077; x_wconf 87' lang='lat' dir='ltr'><strong>magnitudinis</strong></span> <span class='ocrx_word' id='word_1_304' title='bbox 997 2998 1075 3058; x_wconf 88' lang='lat' dir='ltr'><strong>velle</strong></span> <span class='ocrx_word' id='word_1_305' title='bbox 1088 3011 1228 3078; x_wconf 86' lang='lat' dir='ltr'><strong>quantum</strong></span> <span class='ocrx_word' id='word_1_306' title='bbox 1279 3015 1280 3084; x_wconf 58' lang='grc' dir='ltr'><strong>ι</strong></span> 
     </span>
     <span class='ocr_line' id='line_1_34' title="bbox 216 3077 1280 3162; baseline 0.003 -22"><span class='ocrx_word' id='word_1_307' title='bbox 216 3081 321 3158; x_wconf 89' lang='lat' dir='ltr'><strong>possis.</strong></span> <span class='ocrx_word' id='word_1_308' title='bbox 346 3077 511 3142; x_wconf 89' lang='lat' dir='ltr'><strong>Laudandus</strong></span> <span class='ocrx_word' id='word_1_309' title='bbox 532 3083 646 3162; x_wconf 88' lang='lat' dir='ltr'><strong>quidem</strong></span> <span class='ocrx_word' id='word_1_310' title='bbox 666 3090 696 3142; x_wconf 88' lang='lat' dir='ltr'><strong>et</strong></span> <span class='ocrx_word' id='word_1_311' title='bbox 715 3082 764 3143; x_wconf 88' lang='lat' dir='ltr'><strong>ille</strong></span> <span class='ocrx_word' id='word_1_312' title='bbox 781 3085 827 3162; x_wconf 87' lang='lat' dir='ltr'><strong>qni</strong></span> <span class='ocrx_word' id='word_1_313' title='bbox 843 3085 955 3143; x_wconf 89' lang='lat' dir='ltr'><strong>tertium</strong></span> <span class='ocrx_word' id='word_1_314' title='bbox 970 3081 1152 3144; x_wconf 89' lang='lat' dir='ltr'><strong>consulatum</strong></span> <span class='ocrx_word' id='word_1_315' title='bbox 1166 3102 1228 3143; x_wconf 88' lang='lat' dir='ltr'><strong>ura·</strong></span> <span class='ocrx_word' id='word_1_316' title='bbox 1279 3087 1280 3092; x_wconf 76' lang='grc'>’</span> 
     </span>
     <span class='ocr_line' id='line_1_35' title="bbox 215 3164 1228 3246; baseline 0.002 -23"><span class='ocrx_word' id='word_1_317' title='bbox 215 3166 286 3240; x_wconf 87' lang='lat' dir='ltr'><strong>ruit,</strong></span> <span class='ocrx_word' id='word_1_318' title='bbox 309 3164 361 3224; x_wconf 90' lang='lat' dir='ltr'><strong>sed</strong></span> <span class='ocrx_word' id='word_1_319' title='bbox 381 3165 471 3242; x_wconf 84' lang='lat' dir='ltr'><strong>magis</strong></span> <span class='ocrx_word' id='word_1_320' title='bbox 493 3168 546 3226; x_wconf 90' lang='lat' dir='ltr'><strong>sub</strong></span> <span class='ocrx_word' id='word_1_321' title='bbox 562 3185 618 3245; x_wconf 84' lang='lat' dir='ltr'><strong>quo</strong></span> <span class='ocrx_word' id='word_1_322' title='bbox 634 3169 750 3227; x_wconf 87' lang='lat' dir='ltr'><strong>meruit:</strong></span> <span class='ocrx_word' id='word_1_323' title='bbox 771 3184 888 3245; x_wconf 86' lang='lat' dir='ltr'><strong>magnus</strong></span> <span class='ocrx_word' id='word_1_324' title='bbox 902 3166 1161 3246; x_wconf 86' lang='lat' dir='ltr'><strong>memorandusque</strong></span> <span class='ocrx_word' id='word_1_325' title='bbox 1178 3169 1228 3246; x_wconf 89' lang='lat' dir='ltr'><strong>qni</strong></span> 
     </span>
     <span class='ocr_line' id='line_1_36' title="bbox 215 3237 1280 3330; baseline 0.005 -23"><span class='ocrx_word' id='word_1_326' title='bbox 215 3256 320 3307; x_wconf 90' lang='lat' dir='ltr'><strong>tanturn</strong></span> <span class='ocrx_word' id='word_1_327' title='bbox 334 3251 489 3330; x_wconf 89' lang='lat' dir='ltr'><strong>praemium</strong></span> <span class='ocrx_word' id='word_1_328' title='bbox 505 3252 598 3330; x_wconf 88' lang='lat' dir='ltr'><strong>cepit,</strong></span> <span class='ocrx_word' id='word_1_329' title='bbox 625 3248 678 3310; x_wconf 88' lang='lat' dir='ltr'><strong>sed</strong></span> <span class='ocrx_word' id='word_1_330' title='bbox 698 3253 786 3312; x_wconf 90' lang='lat' dir='ltr'><strong>maior</strong></span> <span class='ocrx_word' id='word_1_331' title='bbox 806 3253 854 3329; x_wconf 87' lang='lat' dir='ltr'><strong>qui</strong></span> <span class='ocrx_word' id='word_1_332' title='bbox 876 3252 999 3330; x_wconf 92' lang='lat' dir='ltr'><strong>capienti</strong></span> <span class='ocrx_word' id='word_1_333' title='bbox 1013 3249 1100 3312; x_wconf 91' lang='lat' dir='ltr'><strong>dedit.</strong></span> <span class='ocrx_word' id='word_1_334' title='bbox 1136 3237 1280 3328; x_wconf 59' lang='lat' dir='ltr'><strong>Quoad</strong></span> 
     </span>
     <span class='ocr_line' id='line_1_37' title="bbox 215 3329 1280 3412; baseline 0.005 -23"><span class='ocrx_word' id='word_1_335' title='bbox 215 3331 290 3410; x_wconf 86' lang='lat' dir='ltr'><strong>quod</strong></span> <span class='ocrx_word' id='word_1_336' title='bbox 305 3329 376 3392; x_wconf 94' lang='lat' dir='ltr'><strong>duos</strong></span> <span class='ocrx_word' id='word_1_337' title='bbox 391 3335 498 3412; x_wconf 86' lang='lat' dir='ltr'><strong>pariter</strong></span> <span class='ocrx_word' id='word_1_338' title='bbox 512 3335 597 3394; x_wconf 92' lang='lat' dir='ltr'><strong>tertio</strong></span> <span class='ocrx_word' id='word_1_339' title='bbox 613 3333 777 3412; x_wconf 88' lang='lat' dir='ltr'><strong>consulatu,</strong></span> <span class='ocrx_word' id='word_1_340' title='bbox 792 3334 863 3395; x_wconf 88' lang='lat' dir='ltr'><strong>duos</strong></span> <span class='ocrx_word' id='word_1_341' title='bbox 879 3333 1008 3412; x_wconf 85' lang='lat' dir='ltr'><strong>collegas</strong></span> <span class='ocrx_word' id='word_1_342' title='bbox 1018 3335 1060 3396; x_wconf 91' lang='lat' dir='ltr'><strong>tui</strong></span> <span class='ocrx_word' id='word_1_343' title='bbox 1071 3338 1229 3395; x_wconf 90' lang='lat' dir='ltr'><strong>sanctitate</strong></span> <span class='ocrx_word' id='word_1_344' title='bbox 1279 3379 1280 3386; x_wconf 32' lang='grc' dir='ltr'>ι</span> 
     </span>
     <span class='ocr_line' id='line_1_38' title="bbox 215 3412 1280 3499; baseline 0.004 -25"><span class='ocrx_word' id='word_1_345' title='bbox 215 3412 377 3476; x_wconf 79' lang='lat' dir='ltr'><strong>decorasti?</strong></span> <span class='ocrx_word' id='word_1_346' title='bbox 402 3426 432 3478; x_wconf 92' lang='grc' dir='ltr'><strong>ιι</strong></span> <span class='ocrx_word' id='word_1_347' title='bbox 451 3418 487 3477; x_wconf 85' lang='grc' dir='ltr'><strong>ιιι</strong></span> <span class='ocrx_word' id='word_1_348' title='bbox 509 3419 612 3476; x_wconf 91' lang='lat' dir='ltr'><strong>nemini</strong></span> <span class='ocrx_word' id='word_1_349' title='bbox 627 3417 740 3478; x_wconf 92' lang='lat' dir='ltr'><strong>dubium</strong></span> <span class='ocrx_word' id='word_1_350' title='bbox 754 3418 825 3478; x_wconf 92' lang='lat' dir='ltr'><strong>hanc</strong></span> <span class='ocrx_word' id='word_1_351' title='bbox 844 3419 895 3479; x_wconf 91' lang='lat' dir='ltr'><strong>tibi</strong></span> <span class='ocrx_word' id='word_1_352' title='bbox 911 3420 1092 3499; x_wconf 86' lang='lat' dir='ltr'><strong>praecipuam</strong></span> <span class='ocrx_word' id='word_1_353' title='bbox 1107 3437 1229 3480; x_wconf 86' lang='lat' dir='ltr'><strong>causam</strong></span> <span class='ocrx_word' id='word_1_354' title='bbox 1279 3449 1280 3456; x_wconf 32' lang='grc' dir='ltr'>ι</span> 
     </span>
    </p>
   </div>
   <div class='ocr_carea' id='block_1_3' title="bbox 214 3497 1228 3584">
    <p class='ocr_par' dir='ltr' id='par_1_4' title="bbox 214 3469 1280 3598">
     <span class='ocr_line' id='line_1_39' title="bbox 214 3497 1228 3584; baseline 0.009 -29"><span class='ocrx_word' id='word_1_355' title='bbox 214 3497 305 3559; x_wconf 87' lang='lat' dir='ltr'><strong>luisse</strong></span> <span class='ocrx_word' id='word_1_356' title='bbox 321 3499 492 3560; x_wconf 86' lang='lat' dir='ltr'><strong>extendendi</strong></span> <span class='ocrx_word' id='word_1_357' title='bbox 507 3500 671 3562; x_wconf 88' lang='lat' dir='ltr'><strong>consulatus</strong></span> <span class='ocrx_word' id='word_1_358' title='bbox 687 3505 743 3580; x_wconf 91' lang='lat' dir='ltr'><strong>tui,</strong></span> <span class='ocrx_word' id='word_1_359' title='bbox 759 3512 789 3562; x_wconf 92' lang='lat' dir='ltr'><strong>nt</strong></span> <span class='ocrx_word' id='word_1_360' title='bbox 802 3500 918 3562; x_wconf 91' lang='lat' dir='ltr'><strong>duorum</strong></span> <span class='ocrx_word' id='word_1_361' title='bbox 934 3500 1098 3564; x_wconf 86' lang='lat' dir='ltr'><strong>consulatus</strong></span> <span class='ocrx_word' id='word_1_362' title='bbox 1113 3502 1228 3584; x_wconf 87' lang='lat' dir='ltr'><strong>ample·</strong></span> 
     </span>
    </p>
   </div>
   <div class='ocr_carea' id='block_1_4' title="bbox 0 0 1299 3970">
    <p class='ocr_par' dir='ltr' id='par_1_5' title="bbox 0 0 1299 3970">
     <span class='ocr_line' id='line_1_40' title="bbox 0 0 1299 3970; baseline 0 0"><span class='ocrx_word' id='word_1_363' title='bbox 0 0 1299 3970; x_wconf 95' lang='lat' dir='ltr'><strong> </strong></span> 
     </span>
    </p>
   </div>
  </div>
 </body>
</html>
