2580 3978
192 305 234 367 30
619 303 651 365 G.
672 304 769 366 Ptlbt

192 467 221 518 et
237 457 320 517 nobis
334 457 491 535 invidebis,
513 457 564 517 tibi
577 460 697 518 maxima
713 457 812 534 laude,
834 457 918 518 nobis
932 457 1103 537 voluptate?
1129 459 1196 518 Siue

191 559 245 620 per
259 558 308 600 ora
323 539 465 600 bominum
479 542 605 601 ferantur
614 541 763 620 isdemque
776 541 877 619 quibus
887 539 983 619 lingua
993 540 1119 604 Romana
1131 560 1197 622 spa·

191 626 237 685 tiis
259 634 461 703 pervagentur.
494 621 597 702 blagua
616 634 647 685 et
667 626 722 684 iam
741 624 827 702 longa
842 627 1005 703 expectatio
1022 635 1086 704 est,
1112 644 1197 705 mam

165 708 319 772 otrusnari
338 707 431 768 adbuc
447 716 476 767 et
498 707 612 768 differre
632 725 689 768 non
707 707 806 768 debes.
835 706 1014 769 Enotuerunt
1029 709 1141 788 quidam
1155 713 1196 770 tui

190 811 292 853 versus
309 799 339 851 et
353 793 441 852 invito
455 801 485 852 te
503 791 626 852 claustra
641 809 691 853 sua
707 790 898 868 refregeruut.
927 791 988 852 Hos
1003 795 1057 854 uisi
1073 793 1220 862 retmhis5

189 877 218 934 in
234 893 350 954 corpus,
367 874 537 954 quaudoque
552 885 584 936 ut
602 893 721 937 errones
737 874 861 954 aliquem
878 877 958 937 cuius
974 875 1102 936 dicantur
1116 879 1196 938 inve-

164 961 276 1023 lnieut.
304 957 385 1018 Habe
406 967 472 1020 ante
487 958 588 1020 oculos
603 957 819 1036 mortalitatem,
841 977 858 1018 a
873 977 928 1038 qua
941 958 1078 1022 adserere
1091 971 1122 1034 te
1138 960 1195 1021 boc

187 1060 250 1105 uno
260 1044 434 1102 monimento
456 1051 559 1121 potes:
580 1060 644 1102 nam
661 1052 759 1103 cetera
779 1042 890 1121 fragilia
907 1053 936 1104 et
951 1042 1059 1104 caduca
1071 1062 1129 1105 non
1144 1047 1196 1104 mi·

189 1146 241 1187 nus
257 1143 340 1206 quam
353 1127 409 1206 ipsi
425 1126 554 1186 nomines
571 1125 705 1186 occidunt
720 1125 918 1207 desinuntque.
936 1125 1038 1204 Dices,
1053 1137 1084 1188 ut
1101 1127 1193 1206 soles,

162 1211 281 1274 5‘amici
293 1211 349 1270 mei
359 1209 502 1272 viderint’.
527 1209 602 1290 Opto
614 1208 747 1289 equidem
758 1211 865 1270 amicos
879 1210 931 1271 tibi
941 1219 997 1270 tam
1008 1211 1121 1289 fideles,
1137 1221 1236 1281 tam1o

189 1294 327 1371 eruditos,
342 1302 398 1354 tam
414 1293 587 1372 laboriosos,
602 1303 632 1354 ut
647 1302 754 1355 tautum
770 1311 855 1355 curae
868 1295 1090 1374 intentionisque
1102 1298 1194 1356 susci·

189 1396 261 1456 pere
279 1389 308 1439 et
325 1379 437 1458 possint
452 1387 482 1438 et
502 1376 609 1455 velint,
633 1377 686 1438 sed
701 1376 812 1458 dispice
825 1397 863 1438 ne
878 1379 915 1438 sit
930 1396 1029 1458 parum
1045 1379 1194 1458 providum

162 1471 307 1540 esperare
327 1480 365 1522 ex
384 1459 446 1522 aliis
463 1461 540 1540 quod
560 1462 611 1522 tibi
627 1463 691 1540 ipse
711 1479 769 1522 non
787 1472 927 1540 praestes.
958 1461 997 1523 llt
1014 1461 1050 1522 de
1068 1461 1193 1530 editione

189 1545 303 1624 quidem
318 1547 430 1606 iuterim
444 1555 474 1605 ut
488 1543 588 1606 voles:
604 1547 695 1605 recita
711 1545 823 1624 saltem,
841 1562 898 1625 quo
908 1547 999 1623 magis
1010 1545 1098 1606 libeat
1112 1549 1193 1608 emit·

187 1639 267 1707 tere,
284 1638 372 1708 utque
388 1628 500 1689 tandem
516 1631 660 1708 percipias
676 1629 824 1707 gaudium,
842 1628 918 1709 quod
935 1645 993 1707 ego
1009 1628 1077 1689 olim
1093 1648 1147 1710 pro
1163 1641 1192 1691 te
1202 1646 1234 1696 15

162 1721 242 1777 'loon
258 1721 366 1774 temere
382 1730 544 1792 praesumo.
566 1712 708 1790 Imaginor
723 1714 797 1773 enim
812 1715 860 1792 qui
876 1730 1042 1791 concursus,
1059 1732 1131 1793 quae
1144 1715 1192 1775 od-

186 1798 296 1857 miratio
311 1806 352 1875 te,
368 1798 416 1876 qui
428 1796 546 1875 clamor,
563 1797 640 1876 quod
655 1797 739 1857 etiam
753 1795 896 1857 silentium
908 1808 1035 1867 maneat;
1051 1815 1108 1876 quo
1121 1816 1192 1876 ego,

188 1898 251 1940 cum
268 1880 332 1940 dico
350 1880 397 1941 vel
419 1883 529 1959 recito,
551 1898 608 1940 non
628 1882 720 1940 minus
738 1899 821 1960 quam
843 1880 967 1942 clamore
985 1881 1133 1960 delector,
1154 1884 1193 1943 sit

186 1964 271 2025 modo
287 1964 429 2027 silentium
444 1982 511 2025 acre
522 1974 552 2026 et
566 1965 703 2024 intentum
719 1973 748 2025 et
760 1965 892 2041 cupidum
903 1964 1038 2026 adteriora
1049 1965 1190 2026 audiendi.

160 2048 248 2113 ettoc
258 2049 354 2109 fructu
368 2058 456 2129 tanto,
473 2059 529 2110 tam
543 2058 642 2129 parato
659 2047 758 2108 desine
774 2048 1038 2110 studiatuaintinita
1051 2051 1105 2112 ista
1121 2068 1189 2111 cuu-
1200 2063 1234 2114 bo

186 2135 309 2194 ctatioue
325 2133 472 2203 fraudare;
490 2151 563 2212 quae
579 2150 643 2194 cum
657 2131 772 2192 modum
786 2131 912 2212 excedit,
927 2133 1083 2193 verendum
1097 2144 1143 2195 est
1153 2153 1191 2194 ue

184 2219 303 2278 inertiae
321 2228 351 2279 et
361 2217 488 2279 desidiae
502 2215 550 2277 vel
567 2219 652 2278 etiam
666 2217 821 2277 timiditatis
838 2233 942 2278 nomeu
956 2219 1086 2297 accipiat.
1108 2216 1189 2279 Vale.

658 2348 710 2410 Xl.

457 2447 484 2503 o.
504 2447 630 2500 numius
645 2449 793 2501 anniano
811 2449 871 2502 suo
889 2448 915 2503 s,
1198 2479 1232 2534 ,5

158 2562 176 2617 1
245 2548 328 2611 Solet
344 2554 412 2612 esse
428 2549 532 2629 gaudio
548 2551 616 2628 tibi,
630 2552 734 2632 siquid
750 2561 843 2614 actum
858 2561 904 2613 est
919 2553 947 2612 in
961 2561 1061 2612 senatu
1076 2551 1192 2629 dignum

184 2634 284 2697 ordine
304 2633 363 2694 illo.
398 2632 532 2707 Quamvis
553 2635 628 2695 enirn
644 2637 749 2714 quietis
766 2653 863 2697 amore
887 2637 1063 2714 secesseris,
1085 2635 1191 2697 insidet

183 2729 277 2781 tamen
293 2720 384 2779 animo
401 2727 451 2780 tuo
472 2718 627 2781 maiestatis
641 2720 774 2799 publicae
791 2738 866 2781 cura.
897 2720 1010 2799 Accipe
1026 2737 1097 2798 ergo
1113 2719 1191 2798 quod

184 2821 238 2883 per
252 2801 306 2863 bos
322 2803 383 2864 dies
394 2811 489 2863 actum
501 2811 558 2880 est,
575 2821 717 2882 personae
729 2804 856 2866 claritate
871 2803 1020 2880 famosum,
1033 2805 1190 2865 severitate

157 2886 309 2967 texempli
325 2886 457 2963 salubre,
480 2889 523 2947 rei
544 2888 734 2964 magnitudine
757 2897 912 2950 aeteruum.
945 2886 1051 2948 llarius
1072 2887 1234 2952 recenseo

181 2971 382 3032 accusantibus
399 2970 487 3047 Afris,
504 2971 605 3050 quibus
621 2989 674 3051 pro
687 2972 806 3034 consule
819 2971 953 3053 praefuit,
969 2974 1073 3034 omissa
1088 2971 1190 3032 defen-

180 3057 266 3116 sione
280 3054 390 3116 iudices
402 3056 494 3133 petiit.
514 3053 579 3132 ligo
591 3064 620 3115 et
635 3052 787 3118 cnmettus
802 3054 934 3134 Tacitus,
953 3055 1057 3117 adesse
1072 3057 1188 3134 provin·

182 3138 302 3200 cialibus
316 3140 404 3217 iussi,
419 3140 640 3199 existimavimus
652 3140 717 3201 bdai
735 3150 850 3201 nostrae
862 3141 1016 3200 convenire
1030 3149 1127 3200 notum
1139 3158 1187 3200 se·

181 3225 257 3283 notui
278 3224 375 3284 lacere
396 3224 562 3284 excessisse
577 3222 705 3284 Priscum
719 3225 879 3285 inmanitate
895 3234 925 3285 et
939 3225 1055 3285 saevitia
1070 3225 1188 3286 crimina

183 3307 284 3385 quibus
300 3307 358 3367 dari
372 3307 482 3367 iudices
492 3317 623 3386 possent,
636 3325 701 3368 cum
713 3310 750 3370 ob
761 3310 930 3370 innocentes
942 3306 1184 3387 condemnandos,
1194 3316 1231 3371 so

157 3391 394 3452 diuterficiendoe
417 3392 518 3469 etiam,
539 3392 675 3470 pecunias
696 3394 868 3472 accepisset.
903 3390 1063 3470 Respondit
1079 3389 1188 3451 Fronto

184 3471 280 3536 (latius
300 3474 530 3554 deprecatusque
551 3485 597 3537 est
616 3495 653 3536 ue
676 3476 743 3556 quid
764 3475 836 3536 ultra
854 3473 1073 3553 repetundarum
1088 3473 1187 3553 legem

183 3568 379 3639 quaereretur,
398 3561 547 3640 omniaque
562 3562 680 3622 actionis
696 3579 765 3622 strae
780 3557 856 3637 vela,
872 3560 915 3617 vir
930 3562 1129 3621 movendarum
1144 3557 1186 3619 la-

300 2404 411 2512 affl»
