2580 3970
191 253 255 320 272
612 249 646 314 G.
665 250 763 312 Pblltl

193 409 286 487 eipem
308 405 353 465 eni
373 404 485 466 florenti
505 412 535 466 at
554 403 688 464 ineolumi
708 419 857 482 numquam
868 403 925 466 nisi
939 402 1042 465 modioi
1056 403 1199 482 bonores,

191 491 306 567 saepius
320 487 390 550 nulli
405 487 638 549 decernerentur.
660 487 697 549 Et
713 505 799 566 sane,
814 487 838 548 si
853 485 974 560 velimus
992 505 1054 550 oum
1069 489 1200 568 priorum

191 583 350 653 temporum
358 574 533 634 necessitate
550 581 679 650 certare,
694 571 856 635 vineemnr:
870 572 1046 649 ingeniosior
1060 580 1106 634 est
1119 574 1200 634 enim

190 657 225 719 ad
241 655 457 736 excogitandum
473 654 613 717 simulatio
627 657 764 734 veritate,
787 655 910 718 servitus
928 654 1078 732 libertate,
1101 665 1199 718 metue

190 758 295 802 amore.
322 737 428 817 Simul,
445 757 509 799 oum
521 741 576 799 iarn
592 739 702 820 pridem
715 741 827 801 novitas
842 739 934 800 omnis
950 738 1111 802 adulatione
1127 748 1222 802 oon-5

190 833 301 903 sumptu
323 826 376 900 sit,
396 838 454 884 non
473 821 545 900 alins
565 841 634 902 erge
654 833 684 884 te
700 840 792 884 novus
807 823 899 884 bonor
917 831 1051 902 superest
1070 825 1198 903 quamsi

189 907 339 988 aliquande
351 906 428 968 dete
440 917 538 968 meere
552 906 715 968 audeamus.
734 906 817 985 Age,
832 906 981 986 siquando
995 908 1199 987 pietasnostra

192 991 333 1053 silentium
346 992 423 1070 rupit
437 999 466 1051 et
480 990 679 1052 rereeundiam
693 999 769 1052 tuam
782 991 866 1068 risit,
887 1008 968 1069 quae
978 989 1128 1070 qualiaque
1147 1000 1198 1054 unt

192 1076 370 1138 deseruimus
388 1090 443 1136 nos
457 1083 506 1134 aut
519 1083 549 1134 tn
563 1091 620 1135 non
632 1073 765 1136 reousasl
791 1082 821 1136 ut
840 1082 976 1154 appareat
988 1091 1045 1134 non
1060 1074 1198 1154 superbia

192 1169 222 1221 et
238 1157 350 1221 iastidio
362 1168 391 1219 te
406 1157 596 1238 amplissimos
610 1158 734 1220 bonores
748 1156 915 1237 repudiare,
936 1159 984 1236 qui
998 1159 1123 1220 minores
1138 1167 1234 1222 nonlu

192 1243 365 1322 dedigneris.
391 1239 539 1304 Pulobrins
553 1241 628 1320 beo,
645 1239 760 1319 Caesar,
777 1242 898 1318 quamsi
912 1259 1062 1304 recusares
1078 1259 1194 1302 omnes:

191 1345 254 1388 nam
267 1344 403 1389 reeusare
419 1341 517 1387 omnes
532 1327 708 1403 ambitionis,
728 1324 885 1386 moderatio
901 1333 947 1387 est
961 1323 1071 1403 eligere
1087 1327 1195 1404 parois-

193 1412 289 1472 sirnos.
321 1409 385 1483 Quo
399 1418 622 1489 temperamento
637 1419 668 1470 et
681 1408 765 1470 uobis
780 1409 935 1471 stauratio
949 1405 1090 1471 aemulis:
1111 1409 1195 1470 nobie

193 1493 323 1573 quidem,
345 1493 421 1572 quod
444 1495 519 1554 omni
539 1493 647 1555 liberae
667 1493 841 1573 suspitione:
864 1493 1097 1570 aeneidarum,
1118 1492 1195 1573 quod

192 1578 351 1656 sumptibus
365 1578 427 1637 sius
442 1576 561 1639 adhibes
576 1576 708 1654 modum,
730 1586 761 1637 ut
778 1577 827 1655 qui
844 1575 1082 1638 exhaustum-non
1096 1578 1137 1637 sis
1153 1577 1232 1640 in·15

191 1661 354 1722 nocentium
366 1661 448 1721 bonis
463 1659 635 1740 repleturus.
667 1660 746 1721 Stant
760 1661 847 1738 igitur
861 1659 975 1738 eligius
990 1668 1072 1738 tuae,
1094 1659 1195 1740 quoles

191 1744 259 1806 olim
277 1745 315 1805 ob
339 1745 458 1822 egregia
475 1747 503 1804 in
522 1761 584 1805 rem
604 1741 746 1823 publioam
766 1744 865 1806 merita
885 1744 1000 1823 privatis
1020 1743 1194 1806 dioabantur.

190 1828 326 1890 visuntur
341 1827 440 1889 eadem
455 1847 472 1888 e
486 1827 602 1890 materia
617 1825 872 1891 cassobelauno
887 1845 942 1906 que
959 1827 1125 1906 Brutorum
1140 1846 1195 1907 qua

193 1910 382 1974 Gandllernm.
410 1909 473 1972 Nee
488 1911 632 1991 discrepat
649 1929 742 1973 eausa.
771 1909 817 1972 llli
833 1913 906 1972 enim
920 1929 1008 1989 reges
1023 1912 1194 1990 hostemque
1277 1978 1278 1988 χ

191 1999 331 2058 victorem
341 1995 489 2058 moenibus
497 1995 682 2075 depulerunt:
693 1995 740 2056 bie
750 2006 870 2074 regnum
880 1997 985 2076 ipsum,
998 2013 1129 2075 quaeque
1141 1995 1194 2056 alia
1202 2005 1232 2058 bu

193 2082 341 2159 eaptivitas
355 2081 457 2159 giguit,
472 2087 552 2141 areet
562 2096 596 2142 ao
607 2087 775 2156 summovet,
792 2079 950 2158 sedemque
966 2080 1076 2142 obtinet
1090 2081 1195 2159 prinni-

191 2166 254 2244 pis,
268 2165 306 2224 ne
319 2166 355 2225 sit
370 2164 483 2226 domino
496 2163 589 2224 loeus.
611 2163 656 2224 Ao
669 2162 736 2224 anibi
749 2163 868 2224 intuenti
883 2163 1050 2242 sapientiam
1059 2172 1136 2224 tuam
1145 2165 1195 2222 mi·

191 2267 245 2309 nus
260 2249 360 2308 mirum
372 2247 487 2310 videtur
501 2247 577 2326 quod
591 2246 724 2308 mortales
745 2247 817 2308 istos
833 2246 1017 2326 eadueosque
1035 2245 1134 2309 titulos
1149 2255 1196 2308 aut

193 2330 359 2412 depreceris
379 2341 425 2393 aut
445 2340 600 2410 temperes.
636 2331 700 2392 Seis
722 2332 796 2392 enim
815 2330 863 2392 ubi
878 2348 946 2392 vera
964 2333 1120 2410 prinnipis,
1146 2331 1195 2392 nbi

192 2416 364 2492 sempiterna
375 2413 520 2492 sitgloria,
534 2415 583 2475 ubi
593 2414 649 2474 sint
663 2414 787 2475 bonores
798 2415 827 2474 in
842 2431 914 2494 quos
929 2414 999 2476 nihil
1010 2414 1141 2492 dammis,
1155 2415 1232 2476 niti

191 2495 231 2558 bil
253 2498 411 2573 senectuti,
433 2495 501 2557 nibil
524 2496 743 2558 suecessoribus
766 2496 862 2560 lieeat.
892 2497 988 2562 ⁴breue
1003 2499 1078 2558 enim
1092 2508 1124 2562 et
1138 2507 1196 2560 sta·

191 2590 270 2659 tuas,
284 2598 347 2642 aras
364 2582 446 2642 etiam
462 2579 624 2660 templaque
640 2578 790 2643 demolitur
806 2590 836 2643 el
850 2582 986 2646 obseurat
1001 2581 1125 2659 oblivio,
1145 2600 1196 2642 ne·

191 2664 284 2744 glegit
305 2667 452 2745 carpitque
471 2666 640 2744 posteritas:
668 2674 766 2728 eontra
790 2675 970 2746 contemptor
987 2666 1147 2728 ambitionis
1167 2674 1196 2728 et

190 2749 314 2810 infinitae
336 2752 486 2830 potestatis
506 2748 628 2811 domitor
646 2766 681 2809 ao
699 2748 825 2810 ireuater
843 2751 952 2810 animm
972 2751 1035 2829 ipsa
1052 2757 1197 2812 vetustate

191 2833 334 2910 durescit,
349 2851 404 2895 neo
421 2834 456 2894 ab
472 2831 538 2895 ullis
552 2833 643 2910 magis
657 2831 786 2894 laudatur
799 2849 883 2912 quam
898 2833 1000 2913 quibus
1016 2834 1130 2894 minime
1145 2842 1234 2895 netu

192 2933 278 2978 nesse
293 2927 348 2978 est.
365 2916 575 2980 Praetereuot
588 2917 717 2994 quisque
729 2917 835 2996 faetus
848 2925 893 2978 eet
904 2919 1063 2996 princeps,
1079 2926 1196 2978 eutem

188 3001 239 3076 plo
257 2999 345 3078 famo
365 3001 447 3076 eius,
467 3001 618 3061 incertum
639 3001 718 3062 bonu
737 3019 779 3062 aa
792 3001 892 3077 malo,
916 3007 1051 3063 ceteram
1066 3007 1198 3063 semmua

192 3091 246 3148 eet.
270 3079 335 3143 Non
350 3100 422 3162 ergo
443 3092 582 3163 perpetua
602 3084 724 3163 prinoipi
746 3082 834 3161 lema,
860 3099 933 3164 quae
954 3085 1070 3146 inritum
1089 3093 1197 3162 menet,

192 3165 245 3228 sed
265 3167 339 3227 bona
354 3166 584 3247 noneupisoenda
601 3175 660 3229 est:
685 3185 720 3228 ea
734 3184 821 3248 porro
835 3183 892 3230 non
907 3167 1074 3246 imaginibus
1093 3177 1123 3230 et
1138 3177 1197 3228 sta-

191 3251 247 3311 tuis
268 3250 321 3312 sed
344 3252 449 3313 virtute
474 3269 509 3313 ae
531 3252 641 3314 meritis
666 3260 844 3330 prorogatur.
886 3251 960 3326 Quin
981 3253 1065 3312 etiam
1085 3250 1238 3314 levioradt

191 3332 280 3411 haee,
307 3332 424 3396 formam
449 3337 585 3416 prinnipis
607 3336 798 3415 figuramque,
825 3353 882 3398 non
903 3352 1000 3398 aurum
1023 3332 1126 3397 melius
1148 3334 1199 3396 rel

191 3425 340 3496 argentum
361 3435 444 3498 quem
465 3419 545 3481 iaror
571 3419 712 3481 bominum
738 3420 877 3500 exprimat
902 3427 1066 3500 teneatque.
1111 3417 1200 3491 Quod

193 3499 306 3582 quidem
325 3501 439 3582 prolixe
461 3503 512 3565 tibi
535 3502 732 3584 cumulateque
753 3505 909 3583 nontingit‚
940 3505 1020 3566 ouius
1040 3501 1200 3566 laetissima
