2580 3970
378 263 644 328 rnnuurmctts
659 276 703 330 85.
716 275 760 330 86.
772 274 816 329 87.
1037 268 1100 330 293

93 428 139 481 est
153 417 264 480 referre
281 416 357 497 quod
375 425 545 479 tormentum
559 419 610 479 tibi
625 418 797 496 iniunxeris,
814 437 850 479 ne
865 419 934 497 quid
948 421 1039 482 amico
1051 441 1101 482 ne·

92 521 188 582 garos.
211 502 352 584 Dimisisti
363 504 500 581 optimum
516 503 608 562 virum
622 503 729 582 tibique
746 503 936 581 carissimum,
952 505 1056 567 invitus
1071 516 1101 566 et

93 587 199 664 tristis,
228 595 257 646 et
279 584 360 664 quasi
381 587 505 647 retinere
528 603 584 646 non
604 603 718 665 posses.
751 586 891 660 Quantum
911 604 1020 650 amares
1035 608 1099 650 eum

92 669 237 730 desiderio
255 678 391 749 expertus
407 688 457 748 cs,
480 669 632 731 distractus
648 679 870 750 separatusque,
895 670 959 730 dnm
975 673 1055 732 cedis
1070 682 1100 733 et

64 754 227 818 evinceris.
259 752 318 832 lta,
338 753 414 832 quod
430 753 514 814 lando
530 754 700 832 inauditum,
723 770 787 814 cum
802 753 938 835 princeps
952 765 982 816 et
997 757 1100 834 princi·

90 837 138 916 pis
154 839 260 898 amicus
277 836 391 899 diversa
409 836 542 914 velletis,
565 837 595 897 id
609 838 705 916 potius
721 837 827 898 lactum
843 846 888 897 cst
903 838 979 918 quod
993 841 1100 900 amicus

90 919 218 982 volebat.
242 920 266 980 0
283 938 345 981 rem
358 923 512 984 memoriae
527 918 689 1001 litterisque
703 919 899 981 mandandam!
923 922 1100 1002 praelectum
1157 1001 1159 1006 Ι

90 1005 237 1082 praetorio
253 1023 311 1064 non
325 1021 363 1064 ex
375 1004 573 1083 ingerentibus
586 1025 630 1084 se,
646 1005 698 1066 sed
714 1024 730 1066 e
742 1003 972 1067 subtrahentibus
984 1005 1097 1085 legere,

91 1087 271 1167 eundemque
289 1087 348 1148 otio
365 1089 441 1167 quod
458 1090 644 1168 pertinaciter
658 1098 733 1149 amet
753 1087 893 1167 reddere,
921 1108 1041 1169 cumque
1057 1092 1097 1152 sis
1134 1139 1136 1143 ,

47 1185 81 1236 10
91 1172 157 1250 ipse
171 1170 312 1233 distentus
327 1173 438 1252 imperii
459 1173 551 1247 curis,
572 1190 629 1234 non
648 1173 751 1252 quietis
770 1171 864 1250 gloria
885 1177 1014 1253 cuiquam
1028 1176 1098 1234 invi-

90 1255 173 1314 dere.
203 1253 418 1334 intellegimus,
440 1252 565 1335 (laesor,
588 1267 721 1335 quantum
742 1257 792 1316 tibi
813 1271 866 1334 pro
887 1255 1030 1318 laboriosa
1044 1258 1097 1318 ista

89 1339 213 1398 statione
230 1349 259 1398 et
275 1339 402 1400 exercita
418 1339 591 1420 debeamus,
612 1359 676 1401 cum
691 1340 780 1400 otium
794 1357 810 1398 a
824 1347 871 1416 te,
893 1350 1033 1420 tamquam
1048 1359 1097 1402 res

94 1421 215 1498 optima,
237 1429 266 1480 et
285 1431 396 1500 petatur
417 1432 446 1482 et
465 1423 554 1483 detor.
599 1423 689 1496 Quam
712 1440 767 1500 ego
789 1422 874 1482 audio
897 1424 1094 1482 confusionem

90 1511 167 1562 tuam
177 1503 278 1581 luisse,
288 1523 351 1564 cum
362 1504 567 1583 digredientem
579 1506 810 1586 prosequereris!
821 1504 995 1565 Prosecutus
1008 1505 1092 1581 enim,

50 1599 83 1650 15
93 1603 149 1646 neo
159 1589 323 1666 temperasti
339 1588 390 1649 tibi
402 1607 459 1667 quo
471 1592 562 1650 minus
578 1592 692 1650 exeunti
706 1591 734 1649 in
748 1589 831 1650 litore
847 1589 993 1666 amplexus
1010 1605 1093 1649 oscu-

92 1668 150 1729 lum
167 1669 268 1730 lerres.
296 1671 380 1732 Stetit
395 1670 502 1734 Caesar
516 1675 544 1734 in
560 1673 607 1734 illa
623 1674 762 1733 amicitiae
779 1672 915 1752 specula,
936 1674 1016 1732 stetit
1029 1689 1093 1752 pre·

92 1762 230 1832 catusque
242 1764 287 1815 est
297 1773 386 1834 prona
399 1759 487 1818 maria
501 1757 700 1836 celeremque,
719 1758 743 1816 si
760 1765 853 1817 tamen
863 1757 927 1835 ipse
941 1755 1092 1830 voluisset,

91 1854 255 1915 recursum,
272 1857 328 1899 nec
343 1843 474 1900 sustinuit
489 1840 672 1919 recedentem
682 1857 739 1900 non
753 1842 837 1900 etiam
849 1847 935 1918 atque
947 1840 1029 1898 etiam
1040 1853 1092 1896 vo·

90 1921 129 1980 tis
143 1920 265 1981 lacrimis
280 1925 372 2000 sequi.
394 1922 466 1984 Nam
477 1923 513 1984 de
523 1923 692 1985 liberalitate
703 1932 799 1983 taceo.
820 1922 930 1996 Quibus
946 1923 1019 1981 enim
1033 1939 1092 1979 mu·

46 2004 207 2069 bonoribus
219 2007 334 2086 aequari
350 2006 422 2066 haec
435 2025 502 2066 cura
513 2009 663 2086 principis,
676 2006 747 2067 baec
762 2007 896 2085 patientia
908 2013 1021 2084 potest,
1038 2021 1092 2081 qua

90 2089 218 2148 meruisti
235 2098 265 2149 ut
283 2088 333 2150 ille
351 2089 406 2148 sibi
422 2090 536 2150 nimium
551 2087 632 2150 lortis
653 2107 687 2149 ac
705 2107 797 2168 prope
818 2088 903 2148 durus
925 2085 1092 2148 videretur?

90 2169 154 2230 Nec
170 2171 267 2232 dubito
285 2175 351 2252 quin
369 2175 517 2251 agitaverit
530 2191 629 2233 secum
644 2192 680 2234 an
692 2172 885 2251 gubernacula
899 2181 1090 2249 retorqueret,

92 2264 122 2315 et
136 2255 271 2332 lecisset,
288 2257 342 2316 nisi
358 2256 434 2336 quod
448 2275 539 2335 paene
554 2259 619 2335 ipso
632 2257 817 2317 contubernio
830 2257 966 2335 principia
977 2254 1090 2314 felicius

91 2338 297 2419 iucundiusque
313 2349 357 2400 est
369 2340 532 2402 desiderare
548 2342 706 2420 principem
722 2339 939 2400 desiderantem.
981 2336 1018 2398 Et
1039 2337 1089 2398 ille

45 2436 81 2489 25
92 2421 205 2500 quidem
221 2432 252 2483 ut
269 2424 387 2484 maxirno
405 2423 497 2486 fructu
523 2425 652 2503 suscepti
671 2426 710 2484 ita
729 2425 835 2483 maiore
858 2423 983 2502 depositi
1001 2421 1089 2482 ulficii

92 2505 184 2584 gloria
198 2507 315 2585 lruitur,
334 2517 363 2568 tu
384 2518 479 2569 autem
497 2509 632 2570 facilitate
647 2509 701 2569 ista
719 2517 891 2568 consecutus
906 2526 939 2567 cs
956 2523 1089 2585 nequem

91 2590 216 2651 retinere
234 2589 355 2650 videaris
372 2594 497 2652 invitum.
542 2591 633 2652 Civile
650 2593 706 2653 boo
724 2601 785 2652 erat
802 2599 832 2650 et
849 2592 957 2669 parenti
973 2589 1088 2667 publico
1098 2584 1139 2650 87

91 2674 407 2752 convenientissimum,
429 2674 501 2736 nibil
520 2692 647 2753 cogere,
670 2693 842 2753 semperque
854 2673 1016 2733 meminisse
1028 2671 1088 2731 nul-

90 2756 146 2818 lam
163 2766 265 2818 tantam
283 2767 453 2837 potestatem
472 2760 600 2839 cuiquam
623 2758 681 2818 dari
699 2776 788 2837 posse
810 2766 913 2817 utnon
931 2757 967 2815 sit
983 2756 1090 2832 gratior

44 2854 81 2908 30
92 2849 234 2918 potestate
245 2841 371 2902 libertas.
414 2843 525 2921 Dignus
537 2861 585 2921 es,
603 2839 724 2919 Caesar,
742 2841 789 2920 qui
800 2838 893 2900 oliicia
907 2837 1023 2898 mandes
1039 2837 1088 2897 de·

90 2940 200 3002 ponere
215 2925 393 3004 optantibus;
415 2929 463 3005 qui
480 2927 641 3006 petentibus
653 2927 830 2986 vacationem
848 2925 950 2983 invitus
962 2921 1087 3000 quidem,

87 3007 141 3069 sed
156 3018 248 3070 tamen
262 3010 384 3080 tribuam
400 3011 448 3089 qui
461 3009 497 3071 ab
513 3010 612 3071 amicis
627 3010 773 3070 orantibus
788 3008 917 3087 requiem
931 3022 989 3067 non
1003 3013 1033 3066 te
1047 3023 1093 3065 re·

85 3092 185 3172 linqui
197 3103 298 3171 putem
320 3095 366 3172 qui
388 3111 506 3172 semper
521 3093 650 3156 invenias
666 3102 696 3154 et
712 3111 785 3172 quos
801 3111 839 3153 ex
853 3093 911 3152 otio
926 3106 1049 3152 revoces
1064 3097 1094 3148 et

86 3192 161 3255 quos
179 3179 237 3236 otio
249 3176 361 3237 reddas.
383 3176 444 3238 Vos
456 3194 587 3256 quoque,
604 3195 675 3256 quos
690 3195 794 3257 parens
808 3185 908 3237 noster
921 3171 1094 3234 familiariter

42 3268 77 3322 35
87 3260 234 3338 inspicere
249 3259 395 3339 dignatur,
413 3260 511 3320 lovcte
528 3260 660 3321 iudicium
674 3263 737 3323 eius
752 3258 829 3342 quod
843 3259 880 3320 de
895 3257 979 3319 vobis
991 3255 1091 3318 babet:

85 3343 134 3402 bic
155 3352 253 3404 vester
271 3344 354 3405 labor
373 3354 427 3406 est.
471 3343 609 3424 Princeps
631 3346 722 3424 enim,
749 3362 812 3404 cum
833 3343 862 3402 in
883 3359 939 3402 uno
962 3339 1095 3418 probavit

86 3444 180 3488 amare
196 3447 229 3489 se
245 3430 339 3506 scire,
359 3438 441 3490 vacat
456 3427 557 3506 culpa,
580 3429 603 3488 si
617 3429 689 3490 alios
703 3431 793 3488 minus
807 3435 889 3487 amat.
921 3423 1017 3504 lpsum
1032 3422 1093 3501 qui·

87 3509 153 3570 dem
169 3513 232 3588 quis
252 3511 433 3572 mediocriter
452 3510 567 3592 diligat,
594 3531 657 3573 cum
677 3512 760 3590 leges
781 3509 889 3572 amandi
902 3526 959 3569 non
975 3507 1023 3568 det
1040 3503 1093 3566 sed
