2604 3972
176 265 238 330 168
604 264 635 326 G.
658 265 754 326 PLINl

177 419 260 481 bibus
277 419 422 497 turbines,
443 429 559 499 proruta
574 437 661 499 opem
677 419 778 498 quibus
796 420 922 499 pretiosa
940 437 1005 481 rura
1019 419 1183 497 cinguntur,

179 513 310 582 quassata
323 502 416 581 adque
437 506 521 564 etiam
535 503 658 565 decussa
672 506 851 566 monimenta.
881 501 963 563 Multi
981 501 1119 564 eiusmodi
1135 520 1183 564 ca·

146 587 257 654 esibus
274 585 427 665 debilitati,
444 587 555 665 obmti,
572 587 685 664 obtriti,
709 597 739 650 et
757 597 840 650 aucta
859 586 983 648 luctibus
999 586 1105 647 damna.
1134 584 1182 646 lle

178 671 287 750 quid
266 670 358 732 simile
379 671 444 731 istic
464 688 517 750 pro
537 687 669 734 mensura
683 671 804 750 periculi
822 687 927 731 vereor
947 679 1034 749 teque
1049 687 1140 748 rogo,
1156 672 1183 729 si

177 754 246 818 nihil
267 735 341 832 tale,
362 772 445 832 quarn
459 756 646 816 maturissime
659 754 843 816 sollicitudini
857 773 938 816 mesa
953 753 1105 832 consulas,
1127 753 1206 814 sed
1192 778 1210 812 c

179 847 208 898 et
222 857 246 898 su
239 838 335 916 tale,
352 838 381 898 id
397 855 512 929 quqque
525 841 648 900 nunties.
679 836 750 900 Nam
767 839 880 918 paulum
894 839 990 900 dillert
1003 840 1118 918 patiaris
1132 837 1182 897 ad-

178 940 263 984 versa
283 940 318 982 an
327 884 508 1002 exspectem
530 924 584 984 nisi
601 921 678 1001 quod
693 931 786 984 tamen
800 933 845 984 est
860 922 975 984 dolendi
988 922 1108 999 modus,
1123 937 1183 982 non

180 1017 226 1068 est
252 1005 378 1068 timendi.
409 1005 518 1070 Doleas
542 1007 617 1068 enim
639 1016 772 1084 quantum
791 1009 866 1068 scias
894 1006 1054 1084 accidisse,
1082 1008 1182 1067 timeas

180 1100 313 1169 qnantum
328 1089 420 1170 possit
434 1090 576 1152 accidere.
608 1089 691 1150 Vale.

627 1222 731 1286 xvsst.

461 1322 488 1376 o.
512 1321 635 1374 strutus
654 1321 770 1374 nusruo
790 1321 850 1372 suo
870 1321 896 1375 s.

155 1445 171 1498 l
241 1423 353 1484 Falsum
368 1433 413 1486 est
427 1425 554 1484 nimimm
564 1423 641 1503 quod
656 1424 781 1486 creditur
794 1423 893 1502 vulgo,
910 1432 1079 1484 testamenta
1091 1422 1182 1482 homi·

179 1524 245 1568 uum
259 1506 408 1585 speculum
423 1525 622 1584 essenorum,
640 1507 850 1569 cumllomitius
861 1506 960 1568 Tullus
975 1506 1062 1584 longe
1079 1505 1183 1566 melior

155 1592 341 1670 pappsruerit
356 1600 447 1652 morte
461 1609 543 1671 quam
558 1593 622 1652 vita.
644 1590 715 1652 Nam
733 1609 841 1653 oumse
854 1590 1020 1669 captandum
1034 1591 1221 1669 praemis-15

180 1682 241 1754 set,
263 1672 378 1752 reliquit
398 1673 481 1735 liliam
500 1674 652 1752 heredem,
682 1694 756 1755 quas
777 1674 818 1735 illi
834 1675 998 1736 cumfratre
1013 1675 1180 1750 communis,

181 1761 246 1837 quia
260 1758 384 1836 genitam
402 1756 489 1818 imtre
509 1757 703 1836 adoptaverat.
735 1757 906 1820 Prosecutus
922 1768 967 1820 est
981 1767 1104 1837 nepotes
1118 1756 1181 1837 plu-

179 1843 256 1902 rimis
271 1841 536 1920 iucundissimisque
556 1841 675 1920 legatis‚
703 1853 874 1922 prosecutus
895 1845 979 1904 etiam
1000 1851 1181 1922 proneptem.

179 1925 211 1985 ln
227 1943 349 2005 summa,
365 1927 456 1986 omnia
473 1928 578 2004 pictate
589 1925 770 2006 plenissima
794 1944 828 1987 ac
843 1935 920 1988 ιιιιιο
937 1928 1027 2004 magis
1047 1928 1181 2005 inexspe-

155 2019 256 2080 3ctata
271 2017 345 2069 sunt.
375 2007 455 2087 Ergo
469 2011 538 2070 varii
554 2020 613 2071 tota
635 2012 748 2072 civitate
769 2027 930 2072 sermones:
957 2009 1003 2069 alii
1024 2010 1149 2070 lictum'
1140 2028 1180 2068 ιιι·
1170 2015 1221 2070 ·tt

180 2104 290 2171 gratum
314 2094 496 2154 inmemorem
519 2093 671 2178 loquuntur
689 2113 780 2175 seque
796 2096 893 2173 ipsos,
923 2094 988 2155 dum
1009 2094 1182 2153 insectantur

179 2177 269 2256 illum,
284 2179 453 2256 turpissimis
468 2171 696 2240 confessionibus
712 2177 849 2258 produnt,
870 2187 901 2239 ut
915 2195 964 2257 qur
955 2176 1013 2237 de
1028 2185 1110 2257 patre
1127 2193 1180 2236 aro

180 2277 288 2341 proavo
309 2263 390 2339 quasi
411 2260 447 2321 de
471 2262 542 2322 orbo
564 2271 730 2342 querantur:
752 2261 798 2324 alii
819 2272 917 2323 contm
937 2262 1023 2322 lroc
1014 2277 1108 2340 rpsum
1122 2260 1181 2321 lau·

180 2344 261 2408 dibus
282 2344 377 2404 ferunt
396 2344 473 2423 quod
488 2347 525 2405 sit
535 2345 684 2406 frustratus
696 2346 838 2425 improbas
853 2364 923 2425 spes
937 2346 1080 2407 homiuum
1083 2359 1181 2423 ,quos

181 2429 224 2488 sic
246 2427 383 2506 decipere
405 2444 458 2505 pro
479 2429 603 2488 moribus
624 2438 782 2509 temporum
803 2429 951 2507 prudentia
972 2437 1026 2490 est.
1065 2427 1220 2490 nudantes

181 2511 265 2571 etiam
276 2526 332 2570 nou
349 2509 438 2572 inisse
456 2528 482 2571 er
476 2510 618 2572 liberum
630 2510 686 2572 alio
702 2521 871 2574 testamento
886 2515 972 2583 mori;
996 2531 1091 2592 neque
1108 2512 1182 2573 enim

180 2593 331 2673 reliquisse
346 2609 420 2674 opes
436 2593 527 2673 iliae,
552 2596 605 2656 sed
624 2595 784 2657 reddidisse
800 2597 902 2677 quibus
915 2607 1015 2658 auctus
1029 2614 1084 2676 per
1099 2595 1183 2656 liliam

153 2678 283 2742 «linerat.
312 2676 382 2738 Nem
401 2667 535 2739 Curtilius
549 2677 676 2758 Mancia,
698 2697 821 2759 perosus
839 2699 977 2759 generum
990 2698 1072 2742 suum
1084 2678 1182 2740 Domi·

179 2765 246 2824 tium
260 2762 400 2822 Lucanum
415 2760 539 2838 (frater
530 2782 555 2824 rs
574 2762 683 2844 Tulli),
706 2765 760 2825 sub
781 2783 816 2826 ea
831 2764 992 2826 conditione
1008 2763 1092 2824 liliam
1107 2766 1181 2841 eius,

179 2856 296 2923 neptem
309 2864 398 2924 suam,
415 2848 572 2908 instituerat
586 2847 731 2924 heredem,
748 2849 773 2908 si
784 2857 864 2910 esset
875 2867 957 2909 manu
967 2850 1056 2928 patris
1068 2848 1181 2910 emissu-
1189 2857 1222 2912 ³⁰

179 2927 320 2990 Emisemt
334 2937 432 3007 pater,
455 2930 638 3008 adoptaverat
658 2941 791 3010 patruus,
811 2941 896 3010 atque
909 2933 949 2994 ita
966 2933 1182 3011 circumscripto

180 3021 350 3074 testamento
372 3029 492 3075 consors
519 3012 634 3074 frater
625 3032 653 3073 ιιι
676 3017 762 3094 patris
785 3023 958 3094 potestatem
979 3016 1183 3094 emancipatam

180 3095 266 3156 liliam
282 3094 441 3173 adoptionis
461 3096 559 3157 irauds
575 3108 779 3175 revocaverat,
806 3108 836 3160 et
859 3098 973 3178 quidem
993 3116 1057 3159 cum
1078 3100 1184 3177 opibus

155 3178 372 3258 templissimis.
403 3178 468 3242 Fuit
486 3179 590 3260 alioqui
604 3181 737 3243 iratribus
748 3181 806 3243 illis
821 3185 902 3262 quasi
915 3182 973 3243 fato
989 3183 1084 3244 datum
1097 3191 1129 3243 ιιι
1143 3182 1184 3243 di-

180 3264 255 3324 vites
269 3263 370 3327 lierent
383 3264 582 3326 invitissimisa
595 3266 698 3344 quihus
715 3267 782 3327 iacti
798 3276 872 3327 sunt.
898 3265 972 3340 Quin
988 3269 1073 3328 etiam
1083 3265 1182 3326 Domi·
1192 3277 1224 3332 ιι

179 3348 235 3410 tius
250 3346 339 3425 Afer,
361 3350 409 3426 qui
422 3347 489 3408 illos
503 3350 531 3408 in
545 3366 648 3409 nomen
664 3349 838 3429 adsumpsit,
856 3349 972 3429 reliquit
982 3359 1184 3412 testamentum

180 3440 245 3491 ante
262 3429 364 3492 decem
380 3440 410 3491 et
425 3442 493 3493 octo
509 3450 598 3493 annos
612 3442 801 3513 nuncupatum
820 3433 952 3512 adeoque
967 3443 1069 3514 postea
1086 3435 1184 3514 inpro-

152 3514 274 3576 dbatum
287 3515 340 3576 sihi
356 3523 386 3575 ut
403 3517 490 3594 patris
507 3532 605 3576 eorum
619 3517 694 3578 hona
709 3516 914 3596 proscribenda
931 3518 1082 3579 curaverit.
1112 3516 1186 3580 llira

1192 1183 1224 1235 10
