2584 3972
180 249 221 312 56
603 252 636 314 C.
658 252 756 314 PLINI

180 419 225 462 me
240 421 275 463 en
289 403 393 482 aliquld
408 407 551 464 omiserim
565 423 674 485 rursus,
691 415 720 466 et
733 420 832 466 rursus
848 411 940 487 paene
956 409 1045 481 omisi.
1068 405 1186 470 Summo

181 488 226 548 dle
242 486 352 547 Salvius
373 487 509 549 biberulis
530 488 658 568 reliquos
674 489 785 568 ledatbs
799 493 924 569 gemtor
937 492 1095 570 inerepuit,
1114 501 1186 552 tam·

180 588 262 650 quam
275 588 332 631 non
349 588 447 632 omues
468 583 539 650 quos
560 573 721 634 mandasset
741 575 887 654 pumiceis
906 593 974 636 reos
988 579 1185 655 peregissent,

179 664 274 734 etque,
291 665 323 716 ut
339 665 383 716 est
396 657 552 717 vehemens
569 667 598 718 et
612 656 746 737 disertus,
760 660 789 719 in
804 658 955 720 discrimen
969 659 1092 720 adduxit.
1115 659 1185 720 Pro·

178 741 237 800 texi
259 741 337 798 viros
354 741 476 816 optimos
494 739 669 820 eosdemque
684 745 875 820 gratissimos:
900 743 967 803 mibi
982 752 1063 804 certe
1075 743 1216 805 deberes

137 832 169 888 st
180 841 212 884 se
227 823 392 903 praedicant
416 823 492 902 q'dod
507 824 586 884 illum
600 827 742 886 turbinem
754 830 904 889 evaserint:
937 826 991 888 llic
1007 830 1061 888 erit
1075 831 1185 906 epistu-

179 907 225 967 lae
241 909 317 984 linis,
333 925 365 967 re
381 925 449 968 vera
465 911 542 976 bnis;
557 909 678 970 litteram
692 928 749 970 nou
765 910 880 989 eddam,
904 913 1012 972 etiamsi
1026 911 1117 972 adbuc
1132 911 1184 972 eli·

179 987 245 1070 quid
259 989 431 1071 praeterisse
445 1009 491 1052 me
507 1010 635 1054 sensero.
668 993 747 1053 Vale.

228 1225 255 1276 G.
275 1227 401 1278 PLINIUS
420 1226 588 1278 VESTRIGIO
608 1224 791 1279 SPURINNAE
809 1227 868 1279 SUO
887 1229 929 1278 ET
947 1225 1085 1279 GOTTlAE
1103 1226 1131 1281 S.
1193 1165 1232 1218 1⁰

152 1343 168 1395 1
239 1326 446 1407 Composuisse
466 1345 512 1387 me
532 1329 671 1408 quaedum
690 1330 726 1390 de
747 1331 805 1391 lilio
824 1340 923 1391 vestro
943 1334 1000 1390 ron
1015 1329 1072 1390 dixi
1086 1329 1183 1408 vobis,

179 1429 243 1472 cum
258 1414 387 1490 proxime
402 1411 477 1489 apud
490 1429 544 1472 vos
559 1413 609 1489 lui,
627 1416 761 1492 primum,
779 1416 844 1493 quia
859 1430 915 1473 uon
930 1414 1001 1474 ideo*
1011 1415 1185 1492 scripseram

177 1505 208 1555 ut
220 1494 357 1573 dicerem,
374 1495 426 1554 sed
435 1503 467 1554 ut
478 1513 544 1555 meo
555 1500 660 1575 amori,
669 1515 734 1558 meo
746 1497 1054 1576 dolorisatislacerem,
1067 1496 1182 1573 deiude,

178 1581 243 1659 quia
257 1588 298 1657 te,
313 1579 468 1657 Spurinna,
484 1590 547 1638 cum
562 1579 690 1642 audisses
706 1585 844 1642 recitesse
858 1593 915 1660 me,
931 1591 963 1642 ut
975 1582 1042 1641 mibi
1057 1583 1121 1660 ipse
1137 1580 1181 1641 di·
1193 1587 1230 1640 15

151 1664 255 1742 nxisti,
271 1662 338 1742 quid
353 1665 520 1724 recitassem
534 1663 616 1724 simul
630 1664 744 1726 audisse
760 1665 921 1726 credebam.
944 1661 1096 1726 Praeterea
1106 1667 1184 1725 veri-

177 1757 222 1808 tus
242 1762 304 1806 sum
324 1763 362 1806 ne
381 1761 435 1806 vos
455 1746 538 1807 iestis
559 1746 660 1809 diebus
683 1749 905 1828 confunderem,
925 1752 950 1809 si
970 1751 999 1809 iu
1018 1750 1185 1809 memoriam

177 1831 336 1910 gravissimi
351 1830 443 1892 luctus
464 1831 651 1892 seduxissem.
685 1832 767 1893 Nunc
789 1835 902 1913 quoque
923 1832 1070 1912 paulisper
1089 1833 1184 1893 baesi-

177 1916 234 1976 tavi
249 1915 277 1975 id
291 1913 383 1975 solum
398 1914 473 1994 quod
489 1917 607 1976 recitari
622 1919 762 1978 mitterem
777 1919 957 1994 exigentibus
968 1918 1062 1994 vobis,
1079 1935 1114 1976 arr
1124 1915 1184 1978 adi·

150 2012 275 2066 secrem
292 2014 365 2080 quse
385 2002 413 2060 ln
434 1999 510 2059 aliud
530 2000 664 2060 volumen
684 2003 781 2080 cogito
798 2018 956 2061 reservare.
988 2000 1092 2080 Neque
1101 2003 1229 2066 enirnbb

176 2081 336 2145 adfectibus
358 2085 429 2144 meis
450 2100 507 2144 uuo
527 2082 627 2146 libello
649 2085 820 2146 eudssimarn
838 2085 905 2145 mibi
926 2095 956 2145 st
977 2086 1185 2146 sanctissimam

175 2170 339 2230 memoriam
359 2171 497 2248 prosequi
518 2171 586 2229 satis
602 2178 664 2247 est,
687 2172 768 2230 cuius
787 2169 877 2230 nme
898 2168 981 2230 letius
1003 2169 1183 2248 consuletur,

150 2255 200 2318 nsi
217 2252 379 2332 dispensata
400 2249 430 2312 et‘
451 2252 562 2331 digesto
583 2252 676 2313 fuerit.
706 2252 813 2314 Verum
834 2254 983 2314 haesitanti
1002 2253 1068 2313 mibi
1090 2255 1184 2314 omnis

177 2351 248 2415 quae
267 2338 321 2395 ium
336 2339 484 2413 composui
503 2337 586 2396 vobis
607 2337 790 2414 exhiberem,
811 2355 846 2396 an
866 2335 958 2397 adbuo
978 2337 1071 2416 aliqud
1086 2337 1183 2398 differ·

175 2436 253 2496 rem,
276 2419 432 2498 simplicius
455 2427 485 2479 et
505 2420 622 2479 amicius
642 2421 734 2479 risum
755 2429 801 2481 est
814 2423 922 2499 omnia,
943 2423 1100 2501 praecipue
1116 2427 1226 2490 cnmss

151 2502 330 2571 eadbrmetis
344 2505 415 2564 iutra
429 2516 482 2563 ros
496 2502 604 2580 future,
627 2502 720 2565 donec
735 2503 850 2584 placeat
864 2505 1002 2566 emittere.
1033 2503 1118 2578 Quod
1134 2511 1183 2565 s‘u·

176 2591 292 2667 perest,
308 2601 381 2666 rogo
397 2595 427 2646 ut
441 2589 502 2666 pari
517 2587 715 2666 simplicitate,
732 2589 756 2648 si
770 2607 826 2669 qm
841 2589 1037 2650 existimabitis
1052 2589 1183 2651 addendo

149 2671 370 2739 eoommutuuda
387 2671 555 2748 omittenda,
578 2671 709 2734 iudicetis
724 2673 799 2732 mibi.
831 2671 956 2734 Difficile
971 2681 1016 2734 est
1029 2672 1182 2752 bucusque

175 2756 323 2817 intendere
344 2758 463 2816 animum
483 2758 512 2816 ln
533 2755 650 2826 do'iore;
676 2755 808 2833 difficile,
832 2756 884 2816 sed
899 2765 992 2818 temen
1007 2765 1038 2817 ut
1055 2756 1183 2836 sculpto·

174 2851 251 2915 rem,
267 2851 298 2901 ut
313 2838 468 2919 pictorem,
491 2843 539 2919 qui
555 2839 604 2900 dlii
617 2843 707 2901 vestri
727 2843 876 2918 ima'gluem
898 2842 1024 2918 feceret,
1046 2839 1225 2906 admone-eo

174 2926 244 2984 retis
261 2923 327 3003 quid
347 2927 525 3004 exprimere,
548 2923 614 3002 quid
630 2924 780 2985 emeudsre
797 2925 933 3004 deberet,
950 2928 989 2986 ite
1003 2941 1049 2984 ure
1064 2930 1182 3004 quoqne

175 3008 295 3067 ionuete
316 3010 426 3086 regite,
448 3010 496 3087 qui
511 3024 568 3068 nou
582 3007 713 3086 fragilem
729 3019 759 3069 et
775 3007 908 3069 caducam
923 3009 976 3070 sed
991 3009 1181 3086 inmortalem,

175 3101 205 3153 ut
227 3103 280 3151 vos
301 3093 422 3172 putatis,
445 3092 572 3170 effigiem
593 3105 682 3153 conor
703 3092 836 3162 eldcere;
860 3095 933 3172 qnae
953 3094 1010 3155 boc
1025 3091 1183 3153 dintumior

175 3177 239 3252 erit,
257 3185 314 3254 quo
329 3177 425 3236 verior
439 3176 539 3238 melior
553 3175 710 3236 absolutior
723 3176 816 3237 nent.
848 3175 959 3238 Valete.

648 3309 690 3372 XI
1188 3273 1225 3329 35

388 3411 417 3464 c.
435 3409 562 3463 ruinius
578 3410 663 3464 rouro
683 3395 835 3462 semrom
855 3411 915 3463 suo
933 3411 960 3464 s

147 3530 160 3573 r
237 3505 291 3572 Est
306 3513 418 3572 omnino
432 3503 602 3574 dmemidori
617 3516 706 3573 nostri
719 3524 776 3574 tem
790 3514 913 3592 benigna
927 3523 1024 3575 mture
1039 3521 1071 3574 ut
1084 3514 1183 3576 oldcia
