2584 3972
182 222 253 348 raa
608 269 760 332 orum

182 426 330 487 suaserim.
360 425 398 486 Ut
413 426 486 485 enim
501 433 593 484 terrae
610 425 697 483 variis
712 423 883 501 mutatisque
898 421 1068 498 seminibus,
1090 422 1129 481 ita
1144 423 1187 481 in·

155 511 265 588 ilgerio
279 518 376 570 nostra
391 527 465 569 nunc
481 507 534 567 bac
554 525 629 567 nunc
644 505 692 567 illa
707 507 888 567 meditatione
903 504 1076 565 recoluntur.
1110 503 1187 567 Volo

182 591 324 654 interdum
337 592 461 671 aliquem
477 609 515 651 ex
525 590 643 652 historia
660 590 755 651 locum
769 589 978 669 adprehendas,
994 587 1063 649 volo
1077 591 1186 668 epistu-

182 678 237 738 lam
253 676 418 755 diligentius
439 675 559 736 scribas.
589 673 661 734 Nam
681 692 770 753 saepe
790 677 819 735 in
839 675 982 735 orationes
997 690 1112 752 quoque
1127 690 1186 734 non
1282 671 1283 678 '

181 762 318 822 historica
331 760 415 821 modo
431 759 484 820 sed
499 776 590 838 prope
608 761 724 836 poetica
738 757 960 838 descriptionum
970 759 1131 818 necessitas
1143 759 1211 818 in·5

156 843 262 923 9cidit,
276 852 306 904 et
317 862 436 923 pressus
450 859 546 904 sermo
563 861 709 922 pumsque
725 861 763 902 ex
780 842 910 921 epistulis
922 842 1037 921 petitur.
1068 839 1124 902 Fas
1140 851 1186 903 est

183 937 212 989 et
227 929 349 988 carmine
364 927 480 1005 remitti,
495 942 552 986 non
567 926 631 986 dico
649 928 781 986 continuo
800 933 829 985 et
843 926 930 1004 longo
946 925 989 1004 (ic'
1001 926 1187 1004 enimperiici

183 1014 237 1072 nisi
253 1013 281 1072 in
302 1013 360 1073 otio
381 1027 437 1071 non
458 1008 587 1088 potest),
610 1009 664 1071 sed
677 1009 733 1069 boo
749 1019 849 1086 arguto
866 1018 894 1070 et
909 1010 1005 1087 breui,
1028 1008 1104 1088 quod
1118 1017 1187 1088 apte
1283 1041 1284 1046 κ

142 1109 175 1159 10
185 1105 301 1176 quantas
310 1092 381 1154 libet
392 1091 597 1174 occupationes
609 1111 750 1172 curasque
762 1092 918 1171 distinguit.
933 1092 1023 1154 Lusus
1033 1102 1186 1161 uocantum

185 1178 237 1240 sed
253 1179 281 1239 bi
301 1178 381 1240 lusus
402 1196 459 1238 non
478 1180 615 1238 minorem
637 1177 776 1238 interdum
794 1176 913 1255 gloriam
932 1193 1015 1256 quam
1029 1179 1104 1238 seria
1118 1189 1230 1242 oon-10

183 1271 354 1342 sequuntur;
377 1272 462 1341 atque
482 1261 555 1323 adeo
576 1262 644 1340 (cur
665 1263 739 1322 enim
759 1270 788 1321 te
809 1260 845 1320 nd
866 1277 966 1322 versus
982 1276 1039 1320 non
1053 1261 1186 1322 versibus

181 1343 349 1424 adhortari)

140 1443 171 1494 11
266 1438 296 1489 ut
314 1430 375 1489 laus
390 1439 435 1490 est
451 1447 546 1508 cerae,
565 1429 658 1490 mollis
677 1427 841 1508 cedensque
857 1435 992 1507 sequatur

307 1515 332 1573 si
349 1513 452 1572 doctos
467 1512 572 1590 digitos
583 1514 716 1590 iussaque
735 1512 782 1572 liat
796 1529 880 1590 opus,

265 1605 295 1655 et
307 1614 382 1655 nuno
398 1596 531 1656 iniormet
545 1595 664 1656 Martem
677 1605 818 1657 castamve
833 1595 997 1672 Minervam,
1196 1610 1227 1662 15

307 1697 382 1739 nunc
396 1678 537 1740 Venerem
555 1678 672 1758 eilingat
688 1697 763 1739 nunc
777 1679 898 1740 Veneris
915 1696 1047 1758 puerum;

266 1774 355 1843 utque
366 1766 441 1824 sacri
457 1764 552 1825 lantes
567 1780 625 1824 non
637 1762 700 1825 sola
714 1763 843 1824 incendia
857 1765 970 1841 sistunt,

309 1865 397 1927 saepe
414 1849 498 1908 etiam
512 1848 598 1908 dores
613 1865 758 1924 vernaque
774 1857 853 1927 prata
868 1849 977 1908 iuvant:

265 1933 308 1991 sic
325 1931 468 1991 bominum
484 1933 626 2009 ingenium
641 1931 718 1990 ilecti
733 1930 856 2011 ducique
873 1949 926 2010 per
943 1940 1018 1992 artes

307 2032 364 2077 non
377 2015 482 2093 rigidas
499 2015 583 2076 docta
597 2014 753 2075 mobilitate
768 2013 862 2075 decet.
1193 2033 1226 2084 20

139 2099 281 2179 miraque
296 2101 396 2160 summi
411 2109 550 2177 oratores,
565 2101 665 2159 summi
680 2099 764 2159 etiam
777 2099 830 2158 viri
845 2100 887 2158 sic
902 2114 935 2156 se
952 2104 998 2156 ant
1009 2094 1185 2156 exercebant

138 2191 172 2245 13
180 2194 227 2245 aut
241 2182 433 2262 delectabant,
445 2185 528 2243 immo
543 2182 722 2244 delectabant
737 2182 979 2258 exercebantquc.
1001 2177 1071 2239 Nam
1084 2179 1185 2238 mirum

181 2276 271 2328 estut
291 2267 335 2327 his
357 2267 505 2346 opusculis
527 2269 633 2328 animus
654 2265 812 2326 intendatur
833 2265 999 2324 remittatur.
1030 2261 1185 2341 Recipiunt

181 2353 255 2409 enim
270 2367 399 2426 amores,
425 2349 502 2427 odia,
522 2353 596 2426 iras,
617 2349 856 2427 misericordiam,
873 2348 1074 2421 urbanitatem,
1092 2347 1185 2405 omnia

181 2433 303 2510 denique
324 2450 397 2512 qnae
416 2433 445 2491 in
459 2435 516 2492 vita
533 2442 617 2510 atque
633 2435 718 2492 etiam
732 2435 761 2492 in
778 2433 841 2494 loro
859 2433 1010 2510 causisque
1025 2439 1226 2496 versantur-25

138 2514 259 2578 lllnest
279 2515 323 2578 bis
345 2533 459 2595 quoque
481 2515 581 2576 eadem
602 2533 674 2594 quae
694 2514 755 2576 aliis
772 2516 940 2576 carminibus
955 2515 1077 2593 utilitas,
1094 2513 1184 2592 qnod,

181 2602 263 2661 metri
282 2601 457 2662 necessitate
477 2599 619 2677 deiuncti,
640 2599 733 2660 soluta
751 2601 878 2661 oratione
900 2598 1036 2660 laetamur
1056 2608 1085 2658 et
1107 2597 1186 2676 qnod

139 2683 293 2749 ltiacilius
313 2702 380 2746 esse
405 2685 571 2763 conparatio
595 2683 720 2744 ostendit
741 2683 876 2745 libentius
896 2683 1056 2744 scribimus.
1088 2681 1185 2742 Habes

179 2769 261 2848 plura
275 2771 358 2829 etiam
371 2768 495 2830 fortasse
512 2786 594 2846 quam
607 2768 791 2846 requirebas,
809 2785 894 2828 unum
908 2776 1001 2827 tamen
1015 2767 1111 2835 omisi;
1127 2781 1185 2824 non

180 2855 254 2911 enim
270 2852 327 2912 dixi
343 2870 415 2930 quae
431 2851 555 2929 legenda
569 2852 734 2911 arbitrarer:
752 2869 918 2930 quamquam
933 2850 1006 2929 dixi,
1028 2868 1092 2910 cum
1107 2849 1225 2915 dice-ao

179 2953 241 2994 rem
255 2954 327 3012 quac
345 2935 503 2996 scribenda.
525 2934 567 2994 'ln
581 2937 742 2996 memineris
754 2938 797 2996 sui
810 2938 947 3014 cuiusque
959 2935 1074 3012 genem
1086 2941 1185 2994 aucto·

178 3036 227 3078 res
242 3016 395 3096 diligenter
408 3017 529 3095 eligere.
550 3018 635 3078 Aiunt
651 3020 725 3079 enim
740 3019 856 3081 multum
867 3017 1020 3097 legendum
1031 3037 1110 3095 esse,
1126 3034 1185 3077 non

140 3114 173 3169 16
180 3102 274 3162 multa.
300 3100 354 3174 Qui
370 3104 425 3162 sint
439 3101 468 3163 bi
487 3101 560 3162 adeo
574 3111 671 3162 notum
684 3102 889 3182 probatumque
905 3112 950 3163 est
963 3112 994 3162 ut
1009 3102 1185 3162 demonstra·

179 3189 256 3247 tione
270 3203 326 3247 non
340 3195 425 3263 egeat
433 3208 441 3255 ;
455 3193 484 3244 et
495 3185 601 3264 alioqui
616 3196 672 3247 tam
685 3188 835 3248 imunodioe
847 3186 997 3267 epistulam
1010 3184 1126 3247 extendi
1141 3195 1183 3263 ut,

180 3270 245 3330 dum
261 3270 312 3332 tibi
328 3269 560 3348 quemadmodum
578 3271 694 3331 studere
708 3271 816 3334 debeas
833 3271 952 3348 suadeo,
968 3269 1098 3332 studendi
1112 3277 1227 3332 tem-35

178 3372 233 3432 pus
247 3354 422 3416 abstulerim.
443 3353 517 3428 Quin
534 3371 605 3432 ergo
619 3354 775 3434 pugillares
789 3358 911 3418 resumis
927 3364 956 3416 et
970 3354 1077 3434 aliquid
1089 3371 1128 3414 ex
1138 3352 1185 3413 bis

181 3437 227 3498 rel
241 3439 317 3499 istnd
331 3440 424 3518 ipsum
440 3439 515 3517 quod
530 3457 669 3519 coeperas
685 3437 809 3502 scribis?
840 3439 922 3500 Vale.
