<?xml version="1.0" encoding="UTF-8"?>
<!DOCTYPE html PUBLIC "-//W3C//DTD XHTML 1.0 Transitional//EN"
    "http://www.w3.org/TR/xhtml1/DTD/xhtml1-transitional.dtd">
<html xmlns="http://www.w3.org/1999/xhtml" xml:lang="en" lang="en">
 <head>
  <title>
</title>
<meta http-equiv="Content-Type" content="text/html;charset=utf-8" />
  <meta name='ocr-system' content='tesseract 3.04.00' />
  <meta name='ocr-capabilities' content='ocr_page ocr_carea ocr_par ocr_line ocrx_word'/>
</head>
<body>
  <div class='ocr_page' id='page_1' title='image "./cplinicaecilise05plingoog_0127.png"; bbox 0 0 2584 3972; ppageno 0'>
   <div class='ocr_carea' id='block_1_1' title="bbox 182 259 758 326">
    <p class='ocr_par' dir='ltr' id='par_1_1' title="bbox 182 259 758 326">
     <span class='ocr_line' id='line_1_1' title="bbox 182 259 758 326; baseline -0.009 0"><span class='ocrx_word' id='word_1_1' title='bbox 182 263 224 326; x_wconf 82' lang='lat'><strong>96</strong></span> <span class='ocrx_word' id='word_1_2' title='bbox 494 291 496 296; x_wconf 96' lang='lat'>·</span> <span class='ocrx_word' id='word_1_3' title='bbox 606 259 640 322; x_wconf 82' lang='lat'><strong>0.</strong></span> <span class='ocrx_word' id='word_1_4' title='bbox 661 259 758 321; x_wconf 75' lang='lat' dir='ltr'><strong>l’bllll</strong></span> 
     </span>
    </p>
   </div>
   <div class='ocr_carea' id='block_1_2' title="bbox 2 410 1291 3591">
    <p class='ocr_par' dir='ltr' id='par_1_2' title="bbox 2 410 1291 3591">
     <span class='ocr_line' id='line_1_2' title="bbox 183 410 1190 492; baseline -0.001 -17"><span class='ocrx_word' id='word_1_5' title='bbox 183 415 247 476; x_wconf 92' lang='lat' dir='ltr'><strong>fons</strong></span> <span class='ocrx_word' id='word_1_6' title='bbox 262 413 355 492; x_wconf 78' lang='lat' dir='ltr'><strong>egerit</strong></span> <span class='ocrx_word' id='word_1_7' title='bbox 371 431 470 492; x_wconf 90' lang='lat' dir='ltr'><strong>aquam</strong></span> <span class='ocrx_word' id='word_1_8' title='bbox 486 424 516 475; x_wconf 93' lang='lat' dir='ltr'><strong>et</strong></span> <span class='ocrx_word' id='word_1_9' title='bbox 529 414 647 492; x_wconf 78' lang='lat' dir='ltr'><strong>recipit:</strong></span> <span class='ocrx_word' id='word_1_10' title='bbox 669 430 732 473; x_wconf 92' lang='lat' dir='ltr'><strong>uam</strong></span> <span class='ocrx_word' id='word_1_11' title='bbox 746 413 867 491; x_wconf 86' lang='lat' dir='ltr'><strong>expulsa</strong></span> <span class='ocrx_word' id='word_1_12' title='bbox 880 413 909 473; x_wconf 96' lang='lat' dir='ltr'><strong>in</strong></span> <span class='ocrx_word' id='word_1_13' title='bbox 920 411 1006 474; x_wconf 86' lang='lat' dir='ltr'><strong>altum</strong></span> <span class='ocrx_word' id='word_1_14' title='bbox 1019 414 1048 473; x_wconf 91' lang='lat' dir='ltr'><strong>iu</strong></span> <span class='ocrx_word' id='word_1_15' title='bbox 1063 430 1096 474; x_wconf 92' lang='lat' dir='ltr'><strong>se</strong></span> <span class='ocrx_word' id='word_1_16' title='bbox 1112 410 1190 474; x_wconf 88' lang='lat' dir='ltr'><strong>cadit</strong></span> 
     </span>
     <span class='ocr_line' id='line_1_3' title="bbox 183 495 1189 576; baseline -0.002 -18"><span class='ocrx_word' id='word_1_17' title='bbox 183 499 342 576; x_wconf 89' lang='lat' dir='ltr'><strong>iunctisque</strong></span> <span class='ocrx_word' id='word_1_18' title='bbox 357 497 478 559; x_wconf 75' lang='lat' dir='ltr'><strong>hiatibus</strong></span> <span class='ocrx_word' id='word_1_19' title='bbox 495 507 525 558; x_wconf 88' lang='lat' dir='ltr'><strong>et</strong></span> <span class='ocrx_word' id='word_1_20' title='bbox 539 497 708 558; x_wconf 73' lang='lat' dir='ltr'><strong>absorbetur</strong></span> <span class='ocrx_word' id='word_1_21' title='bbox 722 506 751 558; x_wconf 92' lang='lat' dir='ltr'><strong>et</strong></span> <span class='ocrx_word' id='word_1_22' title='bbox 764 496 881 558; x_wconf 90' lang='lat' dir='ltr'><strong>tollitur.</strong></span> <span class='ocrx_word' id='word_1_23' title='bbox 909 495 1070 574; x_wconf 71' lang='lat' dir='ltr'><strong>Eragioue</strong></span> <span class='ocrx_word' id='word_1_24' title='bbox 1084 495 1189 557; x_wconf 88' lang='lat' dir='ltr'><strong>stibadi</strong></span> 
     </span>
     <span class='ocr_line' id='line_1_4' title="bbox 183 580 1291 659; baseline -0.002 -17"><span class='ocrx_word' id='word_1_25' title='bbox 183 581 333 643; x_wconf 87' lang='lat' dir='ltr'><strong>adversum</strong></span> <span class='ocrx_word' id='word_1_26' title='bbox 354 581 515 642; x_wconf 90' lang='lat' dir='ltr'><strong>cubiculum</strong></span> <span class='ocrx_word' id='word_1_27' title='bbox 532 589 638 642; x_wconf 90' lang='lat' dir='ltr'><strong>tantum</strong></span> <span class='ocrx_word' id='word_1_28' title='bbox 658 580 779 642; x_wconf 90' lang='lat' dir='ltr'><strong>stibadio</strong></span> <span class='ocrx_word' id='word_1_29' title='bbox 802 581 896 642; x_wconf 79' lang='lat' dir='ltr'><strong>reddit</strong></span> <span class='ocrx_word' id='word_1_30' title='bbox 916 590 1031 642; x_wconf 90' lang='lat' dir='ltr'><strong>ornatus</strong></span> <span class='ocrx_word' id='word_1_31' title='bbox 1053 588 1190 659; x_wconf 89' lang='lat' dir='ltr'><strong>quantum</strong></span> <span class='ocrx_word' id='word_1_32' title='bbox 1290 631 1291 648; x_wconf 66' lang='grc'>,</span> 
     </span>
     <span class='ocr_line' id='line_1_5' title="bbox 140 663 1291 745; baseline -0.002 -19"><span class='ocrx_word' id='word_1_33' title='bbox 140 666 289 745; x_wconf 70' lang='lat' dir='ltr'><strong>osaccipit</strong></span> <span class='ocrx_word' id='word_1_34' title='bbox 308 665 345 726; x_wconf 88' lang='lat' dir='ltr'><strong>ab</strong></span> <span class='ocrx_word' id='word_1_35' title='bbox 367 664 425 725; x_wconf 92' lang='lat' dir='ltr'><strong>illo.</strong></span> <span class='ocrx_word' id='word_1_36' title='bbox 459 663 599 726; x_wconf 78' lang='lat' dir='ltr'><strong>Marmore</strong></span> <span class='ocrx_word' id='word_1_37' title='bbox 618 663 768 743; x_wconf 78' lang='lat' dir='ltr'><strong>splendet,</strong></span> <span class='ocrx_word' id='word_1_38' title='bbox 785 664 877 726; x_wconf 83' lang='lat' dir='ltr'><strong>valvis</strong></span> <span class='ocrx_word' id='word_1_39' title='bbox 892 666 920 724; x_wconf 94' lang='lat' dir='ltr'><strong>in</strong></span> <span class='ocrx_word' id='word_1_40' title='bbox 934 664 1032 724; x_wconf 84' lang='lat' dir='ltr'><strong>uiridia</strong></span> <span class='ocrx_word' id='word_1_41' title='bbox 1045 665 1190 743; x_wconf 93' lang='lat' dir='ltr'><strong>prominet</strong></span> <span class='ocrx_word' id='word_1_42' title='bbox 1290 663 1291 666; x_wconf 70' lang='grc'>’</span> 
     </span>
     <span class='ocr_line' id='line_1_6' title="bbox 184 747 1213 828; baseline 0.002 -18"><span class='ocrx_word' id='word_1_43' title='bbox 184 760 213 811; x_wconf 94' lang='lat' dir='ltr'><strong>et</strong></span> <span class='ocrx_word' id='word_1_44' title='bbox 229 751 302 826; x_wconf 85' lang='lat' dir='ltr'><strong>exit,</strong></span> <span class='ocrx_word' id='word_1_45' title='bbox 324 747 377 808; x_wconf 90' lang='lat' dir='ltr'><strong>alia</strong></span> <span class='ocrx_word' id='word_1_46' title='bbox 390 749 489 809; x_wconf 85' lang='lat' dir='ltr'><strong>uiridia</strong></span> <span class='ocrx_word' id='word_1_47' title='bbox 503 748 699 828; x_wconf 89' lang='lat' dir='ltr'><strong>superioribus</strong></span> <span class='ocrx_word' id='word_1_48' title='bbox 714 747 955 827; x_wconf 89' lang='lat' dir='ltr'><strong>inferioribusque</strong></span> <span class='ocrx_word' id='word_1_49' title='bbox 971 747 1107 810; x_wconf 78' lang='lat' dir='ltr'><strong>fenestris</strong></span> <span class='ocrx_word' id='word_1_50' title='bbox 1123 762 1213 812; x_wconf 83' lang='lat' dir='ltr'><strong>sus-5</strong></span> 
     </span>
     <span class='ocr_line' id='line_1_7' title="bbox 185 830 1189 912; baseline -0.004 -19"><span class='ocrx_word' id='word_1_51' title='bbox 185 834 253 912; x_wconf 90' lang='lat' dir='ltr'><strong>cipit</strong></span> <span class='ocrx_word' id='word_1_52' title='bbox 274 832 453 911; x_wconf 90' lang='lat' dir='ltr'><strong>dispicitque.</strong></span> <span class='ocrx_word' id='word_1_53' title='bbox 489 831 557 892; x_wconf 85' lang='lat' dir='ltr'><strong>blox</strong></span> <span class='ocrx_word' id='word_1_54' title='bbox 578 830 727 892; x_wconf 77' lang='lat' dir='ltr'><strong>zothecula</strong></span> <span class='ocrx_word' id='word_1_55' title='bbox 747 830 854 909; x_wconf 75' lang='lat' dir='ltr'><strong>refugit</strong></span> <span class='ocrx_word' id='word_1_56' title='bbox 875 833 956 910; x_wconf 86' lang='lat' dir='ltr'><strong>quasi</strong></span> <span class='ocrx_word' id='word_1_57' title='bbox 975 833 1004 892; x_wconf 92' lang='lat' dir='ltr'><strong>in</strong></span> <span class='ocrx_word' id='word_1_58' title='bbox 1025 830 1189 893; x_wconf 77' lang='lat' dir='ltr'><strong>cubiculum</strong></span> 
     </span>
     <span class='ocr_line' id='line_1_8' title="bbox 182 914 1189 994; baseline -0.001 -19"><span class='ocrx_word' id='word_1_59' title='bbox 182 917 258 976; x_wconf 91' lang='lat' dir='ltr'><strong>idem</strong></span> <span class='ocrx_word' id='word_1_60' title='bbox 271 925 355 994; x_wconf 91' lang='lat' dir='ltr'><strong>atque</strong></span> <span class='ocrx_word' id='word_1_61' title='bbox 376 915 460 975; x_wconf 90' lang='lat' dir='ltr'><strong>alind.</strong></span> <span class='ocrx_word' id='word_1_62' title='bbox 492 914 596 976; x_wconf 85' lang='lat' dir='ltr'><strong>Lectus</strong></span> <span class='ocrx_word' id='word_1_63' title='bbox 614 915 662 975; x_wconf 88' lang='lat' dir='ltr'><strong>bic</strong></span> <span class='ocrx_word' id='word_1_64' title='bbox 682 925 712 976; x_wconf 89' lang='lat' dir='ltr'><strong>et</strong></span> <span class='ocrx_word' id='word_1_65' title='bbox 728 914 852 994; x_wconf 93' lang='lat' dir='ltr'><strong>undique</strong></span> <span class='ocrx_word' id='word_1_66' title='bbox 867 916 1028 993; x_wconf 78' lang='lat' dir='ltr'><strong>fenestrae,</strong></span> <span class='ocrx_word' id='word_1_67' title='bbox 1049 925 1189 976; x_wconf 88' lang='lat' dir='ltr'><strong>ettamen</strong></span> 
     </span>
     <span class='ocr_line' id='line_1_9' title="bbox 141 997 1190 1080; baseline -0.001 -22"><span class='ocrx_word' id='word_1_68' title='bbox 141 999 277 1069; x_wconf 74' lang='lat' dir='ltr'><strong>salomen</strong></span> <span class='ocrx_word' id='word_1_69' title='bbox 301 999 453 1059; x_wconf 89' lang='lat' dir='ltr'><strong>obscurum</strong></span> <span class='ocrx_word' id='word_1_70' title='bbox 468 999 566 1080; x_wconf 83' lang='lat' dir='ltr'><strong>umbra</strong></span> <span class='ocrx_word' id='word_1_71' title='bbox 585 1008 743 1077; x_wconf 86' lang='lat' dir='ltr'><strong>premente.</strong></span> <span class='ocrx_word' id='word_1_72' title='bbox 780 997 851 1059; x_wconf 87' lang='lat' dir='ltr'><strong>Nam</strong></span> <span class='ocrx_word' id='word_1_73' title='bbox 870 999 1025 1060; x_wconf 89' lang='lat' dir='ltr'><strong>laetissima</strong></span> <span class='ocrx_word' id='word_1_74' title='bbox 1046 999 1113 1059; x_wconf 84' lang='lat' dir='ltr'><strong>vitis</strong></span> <span class='ocrx_word' id='word_1_75' title='bbox 1133 1016 1190 1078; x_wconf 89' lang='lat' dir='ltr'><strong>per</strong></span> 
     </span>
     <span class='ocr_line' id='line_1_10' title="bbox 184 1080 1189 1161; baseline -0.004 -16"><span class='ocrx_word' id='word_1_76' title='bbox 184 1100 266 1145; x_wconf 89' lang='lat' dir='ltr'><strong>onme</strong></span> <span class='ocrx_word' id='word_1_77' title='bbox 283 1091 390 1142; x_wconf 89' lang='lat' dir='ltr'><strong>tectum</strong></span> <span class='ocrx_word' id='word_1_78' title='bbox 404 1084 431 1143; x_wconf 96' lang='lat' dir='ltr'><strong>in</strong></span> <span class='ocrx_word' id='word_1_79' title='bbox 448 1082 560 1144; x_wconf 91' lang='lat' dir='ltr'><strong>culmen</strong></span> <span class='ocrx_word' id='word_1_80' title='bbox 573 1083 670 1143; x_wconf 91' lang='lat' dir='ltr'><strong>nititur</strong></span> <span class='ocrx_word' id='word_1_81' title='bbox 681 1091 710 1142; x_wconf 92' lang='lat' dir='ltr'><strong>et</strong></span> <span class='ocrx_word' id='word_1_82' title='bbox 722 1081 859 1144; x_wconf 89' lang='lat' dir='ltr'><strong>ascendit.</strong></span> <span class='ocrx_word' id='word_1_83' title='bbox 878 1080 943 1143; x_wconf 87' lang='lat' dir='ltr'><strong>Non</strong></span> <span class='ocrx_word' id='word_1_84' title='bbox 955 1100 1041 1143; x_wconf 89' lang='lat' dir='ltr'><strong>secus</strong></span> <span class='ocrx_word' id='word_1_85' title='bbox 1052 1082 1093 1141; x_wconf 91' lang='lat' dir='ltr'><strong>ibi</strong></span> <span class='ocrx_word' id='word_1_86' title='bbox 1104 1099 1189 1161; x_wconf 92' lang='lat' dir='ltr'><strong>quam</strong></span> 
     </span>
     <span class='ocr_line' id='line_1_11' title="bbox 182 1166 1232 1246; baseline -0.001 -20"><span class='ocrx_word' id='word_1_87' title='bbox 182 1169 211 1226; x_wconf 91' lang='lat' dir='ltr'><strong>in</strong></span> <span class='ocrx_word' id='word_1_88' title='bbox 226 1182 342 1228; x_wconf 89' lang='lat' dir='ltr'><strong>nemore</strong></span> <span class='ocrx_word' id='word_1_89' title='bbox 356 1167 463 1245; x_wconf 91' lang='lat' dir='ltr'><strong>iaceas,</strong></span> <span class='ocrx_word' id='word_1_90' title='bbox 477 1167 595 1226; x_wconf 89' lang='lat' dir='ltr'><strong>imbrem</strong></span> <span class='ocrx_word' id='word_1_91' title='bbox 610 1175 715 1226; x_wconf 86' lang='lat' dir='ltr'><strong>tantum</strong></span> <span class='ocrx_word' id='word_1_92' title='bbox 730 1175 867 1246; x_wconf 67' lang='lat' dir='ltr'><strong>amquam</strong></span> <span class='ocrx_word' id='word_1_93' title='bbox 879 1166 908 1226; x_wconf 91' lang='lat' dir='ltr'><strong>in</strong></span> <span class='ocrx_word' id='word_1_94' title='bbox 919 1183 1036 1226; x_wconf 88' lang='lat' dir='ltr'><strong>nemore</strong></span> <span class='ocrx_word' id='word_1_95' title='bbox 1050 1183 1107 1226; x_wconf 93' lang='lat' dir='ltr'><strong>nou</strong></span> <span class='ocrx_word' id='word_1_96' title='bbox 1122 1184 1232 1236; x_wconf 80' lang='lat' dir='ltr'><strong>sen-10</strong></span> 
     </span>
     <span class='ocr_line' id='line_1_12' title="bbox 140 1248 1188 1329; baseline -0.003 -16"><span class='ocrx_word' id='word_1_97' title='bbox 140 1251 246 1318; x_wconf 77' lang='lat' dir='ltr'><strong>cottas.</strong></span> <span class='ocrx_word' id='word_1_98' title='bbox 269 1248 323 1311; x_wconf 85' lang='lat' dir='ltr'><strong>llic</strong></span> <span class='ocrx_word' id='word_1_99' title='bbox 338 1267 452 1329; x_wconf 92' lang='lat' dir='ltr'><strong>quoque</strong></span> <span class='ocrx_word' id='word_1_100' title='bbox 463 1248 528 1311; x_wconf 92' lang='lat' dir='ltr'><strong>fons</strong></span> <span class='ocrx_word' id='word_1_101' title='bbox 538 1251 664 1311; x_wconf 88' lang='lat' dir='ltr'><strong>nascitur</strong></span> <span class='ocrx_word' id='word_1_102' title='bbox 679 1249 818 1328; x_wconf 86' lang='lat' dir='ltr'><strong>simulque</strong></span> <span class='ocrx_word' id='word_1_103' title='bbox 832 1249 1007 1311; x_wconf 80' lang='lat' dir='ltr'><strong>subducitur.</strong></span> <span class='ocrx_word' id='word_1_104' title='bbox 1027 1249 1099 1310; x_wconf 85' lang='lat' dir='ltr'><strong>Sunt</strong></span> <span class='ocrx_word' id='word_1_105' title='bbox 1111 1249 1188 1310; x_wconf 92' lang='lat' dir='ltr'><strong>loois</strong></span> 
     </span>
     <span class='ocr_line' id='line_1_13' title="bbox 185 1331 1187 1413; baseline 0.001 -20"><span class='ocrx_word' id='word_1_106' title='bbox 185 1333 313 1411; x_wconf 89' lang='lat' dir='ltr'><strong>pluribus</strong></span> <span class='ocrx_word' id='word_1_107' title='bbox 325 1332 463 1413; x_wconf 89' lang='lat' dir='ltr'><strong>disposita</strong></span> <span class='ocrx_word' id='word_1_108' title='bbox 481 1333 581 1394; x_wconf 90' lang='lat' dir='ltr'><strong>sedilia</strong></span> <span class='ocrx_word' id='word_1_109' title='bbox 596 1353 613 1394; x_wconf 94' lang='lat' dir='ltr'><strong>e</strong></span> <span class='ocrx_word' id='word_1_110' title='bbox 629 1351 779 1411; x_wconf 81' lang='lat' dir='ltr'><strong>memnone,</strong></span> <span class='ocrx_word' id='word_1_111' title='bbox 797 1351 869 1413; x_wconf 92' lang='lat' dir='ltr'><strong>quae</strong></span> <span class='ocrx_word' id='word_1_112' title='bbox 883 1331 1073 1394; x_wconf 88' lang='lat' dir='ltr'><strong>ambulatione</strong></span> <span class='ocrx_word' id='word_1_113' title='bbox 1089 1332 1187 1394; x_wconf 84' lang='lat' dir='ltr'><strong>fessos</strong></span> 
     </span>
     <span class='ocr_line' id='line_1_14' title="bbox 185 1415 1189 1496; baseline 0 -20"><span class='ocrx_word' id='word_1_114' title='bbox 185 1427 214 1478; x_wconf 92' lang='lat' dir='ltr'><strong>ut</strong></span> <span class='ocrx_word' id='word_1_115' title='bbox 228 1416 387 1477; x_wconf 88' lang='lat' dir='ltr'><strong>cubiculum</strong></span> <span class='ocrx_word' id='word_1_116' title='bbox 407 1417 499 1496; x_wconf 89' lang='lat' dir='ltr'><strong>ipsam</strong></span> <span class='ocrx_word' id='word_1_117' title='bbox 520 1418 624 1478; x_wconf 85' lang='lat' dir='ltr'><strong>iuvant.</strong></span> <span class='ocrx_word' id='word_1_118' title='bbox 656 1415 797 1477; x_wconf 87' lang='lat' dir='ltr'><strong>Fonticuli</strong></span> <span class='ocrx_word' id='word_1_119' title='bbox 812 1416 949 1478; x_wconf 89' lang='lat' dir='ltr'><strong>sedilibus</strong></span> <span class='ocrx_word' id='word_1_120' title='bbox 963 1417 1107 1486; x_wconf 88' lang='lat' dir='ltr'><strong>adiacent;</strong></span> <span class='ocrx_word' id='word_1_121' title='bbox 1132 1435 1189 1496; x_wconf 93' lang='lat' dir='ltr'><strong>per</strong></span> 
     </span>
     <span class='ocr_line' id='line_1_15' title="bbox 183 1497 1187 1579; baseline 0.001 -19"><span class='ocrx_word' id='word_1_122' title='bbox 183 1509 273 1560; x_wconf 89' lang='lat' dir='ltr'><strong>totum</strong></span> <span class='ocrx_word' id='word_1_123' title='bbox 286 1497 503 1577; x_wconf 87' lang='lat' dir='ltr'><strong>hippodromum</strong></span> <span class='ocrx_word' id='word_1_124' title='bbox 518 1500 624 1561; x_wconf 90' lang='lat' dir='ltr'><strong>inducti</strong></span> <span class='ocrx_word' id='word_1_125' title='bbox 638 1499 739 1561; x_wconf 89' lang='lat' dir='ltr'><strong>fistulis</strong></span> <span class='ocrx_word' id='word_1_126' title='bbox 754 1510 885 1579; x_wconf 91' lang='lat' dir='ltr'><strong>strepunt</strong></span> <span class='ocrx_word' id='word_1_127' title='bbox 905 1501 959 1561; x_wconf 84' lang='lat' dir='ltr'><strong>rivi</strong></span> <span class='ocrx_word' id='word_1_128' title='bbox 974 1510 1003 1562; x_wconf 91' lang='lat' dir='ltr'><strong>et</strong></span> <span class='ocrx_word' id='word_1_129' title='bbox 1018 1517 1073 1579; x_wconf 91' lang='lat' dir='ltr'><strong>qua</strong></span> <span class='ocrx_word' id='word_1_130' title='bbox 1087 1517 1187 1561; x_wconf 89' lang='lat' dir='ltr'><strong>manus</strong></span> 
     </span>
     <span class='ocr_line' id='line_1_16' title="bbox 184 1582 1232 1662; baseline 0.002 -18"><span class='ocrx_word' id='word_1_131' title='bbox 184 1583 261 1644; x_wconf 79' lang='lat' dir='ltr'><strong>duxit</strong></span> <span class='ocrx_word' id='word_1_132' title='bbox 273 1591 417 1643; x_wconf 89' lang='lat' dir='ltr'><strong>secuntur.</strong></span> <span class='ocrx_word' id='word_1_133' title='bbox 439 1583 490 1644; x_wconf 88' lang='lat' dir='ltr'><strong>llis</strong></span> <span class='ocrx_word' id='word_1_134' title='bbox 503 1601 578 1644; x_wconf 92' lang='lat' dir='ltr'><strong>nunc</strong></span> <span class='ocrx_word' id='word_1_135' title='bbox 589 1582 637 1643; x_wconf 87' lang='lat' dir='ltr'><strong>illa</strong></span> <span class='ocrx_word' id='word_1_136' title='bbox 650 1583 749 1644; x_wconf 77' lang='lat' dir='ltr'><strong>viridia</strong></span> <span class='ocrx_word' id='word_1_137' title='bbox 760 1602 835 1644; x_wconf 91' lang='lat' dir='ltr'><strong>nnuc</strong></span> <span class='ocrx_word' id='word_1_138' title='bbox 849 1583 932 1662; x_wconf 90' lang='lat' dir='ltr'><strong>baec,</strong></span> <span class='ocrx_word' id='word_1_139' title='bbox 947 1584 1088 1645; x_wconf 89' lang='lat' dir='ltr'><strong>interdum</strong></span> <span class='ocrx_word' id='word_1_140' title='bbox 1103 1582 1187 1644; x_wconf 90' lang='lat' dir='ltr'><strong>simul</strong></span> <span class='ocrx_word' id='word_1_141' title='bbox 1197 1594 1232 1646; x_wconf 83' lang='lat'><strong>15</strong></span> 
     </span>
     <span class='ocr_line' id='line_1_17' title="bbox 184 1665 1189 1746; baseline 0 -19"><span class='ocrx_word' id='word_1_142' title='bbox 184 1667 274 1727; x_wconf 88' lang='lat' dir='ltr'><strong>omnia</strong></span> <span class='ocrx_word' id='word_1_143' title='bbox 288 1665 423 1727; x_wconf 84' lang='lat' dir='ltr'><strong>lavantur.</strong></span> <span class='ocrx_word' id='word_1_144' title='bbox 457 1666 598 1728; x_wconf 89' lang='lat' dir='ltr'><strong>Vitassem</strong></span> <span class='ocrx_word' id='word_1_145' title='bbox 612 1669 665 1727; x_wconf 92' lang='lat' dir='ltr'><strong>iam</strong></span> <span class='ocrx_word' id='word_1_146' title='bbox 680 1666 783 1727; x_wconf 91' lang='lat' dir='ltr'><strong>dudum</strong></span> <span class='ocrx_word' id='word_1_147' title='bbox 795 1686 833 1729; x_wconf 88' lang='lat' dir='ltr'><strong>ne</strong></span> <span class='ocrx_word' id='word_1_148' title='bbox 845 1668 959 1736; x_wconf 84' lang='lat' dir='ltr'><strong>viderer</strong></span> <span class='ocrx_word' id='word_1_149' title='bbox 974 1668 1116 1746; x_wconf 76' lang='lat' dir='ltr'><strong>argutior,</strong></span> <span class='ocrx_word' id='word_1_150' title='bbox 1131 1669 1189 1728; x_wconf 89' lang='lat' dir='ltr'><strong>nisi</strong></span> 
     </span>
     <span class='ocr_line' id='line_1_18' title="bbox 141 1749 1189 1831; baseline 0.001 -21"><span class='ocrx_word' id='word_1_151' title='bbox 141 1766 174 1821; x_wconf 81' lang='lat'><strong>41</strong></span> <span class='ocrx_word' id='word_1_152' title='bbox 184 1752 400 1831; x_wconf 86' lang='lat' dir='ltr'><strong>proposuissem</strong></span> <span class='ocrx_word' id='word_1_153' title='bbox 417 1768 514 1811; x_wconf 89' lang='lat' dir='ltr'><strong>omnes</strong></span> <span class='ocrx_word' id='word_1_154' title='bbox 529 1751 649 1829; x_wconf 83' lang='lat' dir='ltr'><strong>angulos</strong></span> <span class='ocrx_word' id='word_1_155' title='bbox 660 1761 755 1812; x_wconf 91' lang='lat' dir='ltr'><strong>tecum</strong></span> <span class='ocrx_word' id='word_1_156' title='bbox 766 1751 888 1830; x_wconf 90' lang='lat' dir='ltr'><strong>epistula</strong></span> <span class='ocrx_word' id='word_1_157' title='bbox 904 1755 1061 1812; x_wconf 88' lang='lat' dir='ltr'><strong>circumire.</strong></span> <span class='ocrx_word' id='word_1_158' title='bbox 1082 1749 1189 1830; x_wconf 86' lang='lat' dir='ltr'><strong>Neque</strong></span> 
     </span>
     <span class='ocr_line' id='line_1_19' title="bbox 12 1833 1188 1916; baseline 0.001 -23"><span class='ocrx_word' id='word_1_159' title='bbox 12 1913 17 1916; x_wconf 31' lang='grc'>-</span> <span class='ocrx_word' id='word_1_160' title='bbox 184 1837 258 1894; x_wconf 91' lang='lat' dir='ltr'><strong>euim</strong></span> <span class='ocrx_word' id='word_1_161' title='bbox 272 1835 393 1895; x_wconf 89' lang='lat' dir='ltr'><strong>verebar</strong></span> <span class='ocrx_word' id='word_1_162' title='bbox 404 1854 441 1896; x_wconf 91' lang='lat' dir='ltr'><strong>ne</strong></span> <span class='ocrx_word' id='word_1_163' title='bbox 452 1834 624 1898; x_wconf 88' lang='lat' dir='ltr'><strong>laboriosum</strong></span> <span class='ocrx_word' id='word_1_164' title='bbox 637 1845 718 1896; x_wconf 91' lang='lat' dir='ltr'><strong>esset</strong></span> <span class='ocrx_word' id='word_1_165' title='bbox 731 1833 840 1912; x_wconf 79' lang='lat' dir='ltr'><strong>legenti</strong></span> <span class='ocrx_word' id='word_1_166' title='bbox 851 1835 903 1896; x_wconf 91' lang='lat' dir='ltr'><strong>tibi</strong></span> <span class='ocrx_word' id='word_1_167' title='bbox 918 1835 995 1915; x_wconf 94' lang='lat' dir='ltr'><strong>quod</strong></span> <span class='ocrx_word' id='word_1_168' title='bbox 1009 1836 1113 1897; x_wconf 84' lang='lat' dir='ltr'><strong>visenti</strong></span> <span class='ocrx_word' id='word_1_169' title='bbox 1128 1852 1188 1895; x_wconf 93' lang='lat' dir='ltr'><strong>non</strong></span> 
     </span>
     <span class='ocr_line' id='line_1_20' title="bbox 2 1917 1188 1999; baseline 0.002 -23"><span class='ocrx_word' id='word_1_170' title='bbox 2 1917 3 1920; x_wconf 74' lang='grc'>’</span> <span class='ocrx_word' id='word_1_171' title='bbox 97 1923 103 1925; x_wconf 82' lang='grc'><em>“</em></span> <span class='ocrx_word' id='word_1_172' title='bbox 184 1917 297 1994; x_wconf 87' lang='lat' dir='ltr'><strong>fuisset,</strong></span> <span class='ocrx_word' id='word_1_173' title='bbox 314 1920 481 1997; x_wconf 89' lang='lat' dir='ltr'><strong>praesertim</strong></span> <span class='ocrx_word' id='word_1_174' title='bbox 497 1936 560 1980; x_wconf 92' lang='lat' dir='ltr'><strong>cum</strong></span> <span class='ocrx_word' id='word_1_175' title='bbox 574 1919 813 1998; x_wconf 88' lang='lat' dir='ltr'><strong>interquiescere,</strong></span> <span class='ocrx_word' id='word_1_176' title='bbox 829 1921 854 1980; x_wconf 94' lang='lat' dir='ltr'><strong>si</strong></span> <span class='ocrx_word' id='word_1_177' title='bbox 867 1918 983 1997; x_wconf 90' lang='lat' dir='ltr'><strong>liberet,</strong></span> <span class='ocrx_word' id='word_1_178' title='bbox 998 1919 1188 1999; x_wconf 91' lang='lat' dir='ltr'><strong>depositaque</strong></span> 
     </span>
     <span class='ocr_line' id='line_1_21' title="bbox 185 2001 1231 2083; baseline 0 -21"><span class='ocrx_word' id='word_1_179' title='bbox 185 2001 308 2082; x_wconf 89' lang='lat' dir='ltr'><strong>epistula</strong></span> <span class='ocrx_word' id='word_1_180' title='bbox 322 2003 402 2082; x_wconf 89' lang='lat' dir='ltr'><strong>quasi</strong></span> <span class='ocrx_word' id='word_1_181' title='bbox 412 2003 540 2064; x_wconf 82' lang='lat' dir='ltr'><strong>residere</strong></span> <span class='ocrx_word' id='word_1_182' title='bbox 555 2003 669 2083; x_wconf 91' lang='lat' dir='ltr'><strong>saepius</strong></span> <span class='ocrx_word' id='word_1_183' title='bbox 680 2020 796 2083; x_wconf 86' lang='lat' dir='ltr'><strong>posses.</strong></span> <span class='ocrx_word' id='word_1_184' title='bbox 817 2003 969 2064; x_wconf 86' lang='lat' dir='ltr'><strong>Praeterea</strong></span> <span class='ocrx_word' id='word_1_185' title='bbox 980 2002 1084 2063; x_wconf 90' lang='lat' dir='ltr'><strong>indulsi</strong></span> <span class='ocrx_word' id='word_1_186' title='bbox 1098 2004 1231 2071; x_wconf 72' lang='lat' dir='ltr'><strong>amoriso</strong></span> 
     </span>
     <span class='ocr_line' id='line_1_22' title="bbox 183 2085 1290 2167; baseline -0.003 -22"><span class='ocrx_word' id='word_1_187' title='bbox 183 2104 264 2147; x_wconf 89' lang='lat' dir='ltr'><strong>meo:</strong></span> <span class='ocrx_word' id='word_1_188' title='bbox 288 2102 350 2146; x_wconf 88' lang='lat' dir='ltr'><strong>amo</strong></span> <span class='ocrx_word' id='word_1_189' title='bbox 373 2088 446 2148; x_wconf 89' lang='lat' dir='ltr'><strong>enim</strong></span> <span class='ocrx_word' id='word_1_190' title='bbox 463 2104 535 2166; x_wconf 89' lang='lat' dir='ltr'><strong>quae</strong></span> <span class='ocrx_word' id='word_1_191' title='bbox 557 2089 676 2148; x_wconf 85' lang='lat' dir='ltr'><strong>maxima</strong></span> <span class='ocrx_word' id='word_1_192' title='bbox 693 2105 731 2147; x_wconf 83' lang='lat' dir='ltr'><strong>ex</strong></span> <span class='ocrx_word' id='word_1_193' title='bbox 746 2094 827 2167; x_wconf 92' lang='lat' dir='ltr'><strong>parte</strong></span> <span class='ocrx_word' id='word_1_194' title='bbox 849 2088 913 2167; x_wconf 90' lang='lat' dir='ltr'><strong>ipse</strong></span> <span class='ocrx_word' id='word_1_195' title='bbox 932 2085 1063 2149; x_wconf 84' lang='lat' dir='ltr'><strong>iucboavi</strong></span> <span class='ocrx_word' id='word_1_196' title='bbox 1080 2093 1129 2146; x_wconf 89' lang='lat' dir='ltr'><strong>aut</strong></span> <span class='ocrx_word' id='word_1_197' title='bbox 1145 2086 1188 2145; x_wconf 89' lang='lat' dir='ltr'><strong>in·</strong></span> <span class='ocrx_word' id='word_1_198' title='bbox 1289 2139 1290 2142; x_wconf 74' lang='grc'>,</span> 
     </span>
     <span class='ocr_line' id='line_1_23' title="bbox 141 2167 1188 2251; baseline -0.004 -18"><span class='ocrx_word' id='word_1_199' title='bbox 141 2178 176 2233; x_wconf 68' lang='lat' dir='ltr'><strong>ab</strong></span> <span class='ocrx_word' id='word_1_200' title='bbox 186 2171 286 2231; x_wconf 87' lang='lat' dir='ltr'><strong>obnata</strong></span> <span class='ocrx_word' id='word_1_201' title='bbox 305 2171 446 2249; x_wconf 87' lang='lat' dir='ltr'><strong>percolui.</strong></span> <span class='ocrx_word' id='word_1_202' title='bbox 467 2171 499 2233; x_wconf 93' lang='lat' dir='ltr'><strong>ln</strong></span> <span class='ocrx_word' id='word_1_203' title='bbox 514 2188 629 2248; x_wconf 89' lang='lat' dir='ltr'><strong>summa,</strong></span> <span class='ocrx_word' id='word_1_204' title='bbox 643 2173 711 2251; x_wconf 89' lang='lat' dir='ltr'><strong>(cnr</strong></span> <span class='ocrx_word' id='word_1_205' title='bbox 722 2172 796 2231; x_wconf 90' lang='lat' dir='ltr'><strong>enim</strong></span> <span class='ocrx_word' id='word_1_206' title='bbox 806 2188 863 2231; x_wconf 91' lang='lat' dir='ltr'><strong>non</strong></span> <span class='ocrx_word' id='word_1_207' title='bbox 877 2171 1001 2250; x_wconf 88' lang='lat' dir='ltr'><strong>aperiam</strong></span> <span class='ocrx_word' id='word_1_208' title='bbox 1016 2170 1067 2231; x_wconf 89' lang='lat' dir='ltr'><strong>tibi</strong></span> <span class='ocrx_word' id='word_1_209' title='bbox 1081 2167 1131 2230; x_wconf 91' lang='lat' dir='ltr'><strong>vel</strong></span> <span class='ocrx_word' id='word_1_210' title='bbox 1145 2170 1188 2229; x_wconf 92' lang='lat' dir='ltr'><strong>iu·</strong></span> 
     </span>
     <span class='ocr_line' id='line_1_24' title="bbox 185 2248 1188 2334; baseline 0 -20"><span class='ocrx_word' id='word_1_211' title='bbox 185 2255 287 2315; x_wconf 89' lang='lat' dir='ltr'><strong>dicium</strong></span> <span class='ocrx_word' id='word_1_212' title='bbox 307 2271 400 2314; x_wconf 91' lang='lat' dir='ltr'><strong>meum</strong></span> <span class='ocrx_word' id='word_1_213' title='bbox 418 2253 467 2314; x_wconf 86' lang='lat' dir='ltr'><strong>uel</strong></span> <span class='ocrx_word' id='word_1_214' title='bbox 488 2248 651 2333; x_wconf 80' lang='lat' dir='ltr'><strong>erroreml)</strong></span> <span class='ocrx_word' id='word_1_215' title='bbox 672 2255 791 2334; x_wconf 90' lang='lat' dir='ltr'><strong>primum</strong></span> <span class='ocrx_word' id='word_1_216' title='bbox 815 2272 871 2333; x_wconf 77' lang='lat' dir='ltr'><strong>ego</strong></span> <span class='ocrx_word' id='word_1_217' title='bbox 894 2254 1018 2314; x_wconf 91' lang='lat' dir='ltr'><strong>officinm</strong></span> <span class='ocrx_word' id='word_1_218' title='bbox 1038 2254 1188 2332; x_wconf 90' lang='lat' dir='ltr'><strong>scriptoris</strong></span> 
     </span>
     <span class='ocr_line' id='line_1_25' title="bbox 184 2336 1289 2420; baseline 0 -22"><span class='ocrx_word' id='word_1_219' title='bbox 184 2339 314 2398; x_wconf 82' lang='lat' dir='ltr'><strong>existimo</strong></span> <span class='ocrx_word' id='word_1_220' title='bbox 332 2346 363 2396; x_wconf 93' lang='lat' dir='ltr'><strong>ut</strong></span> <span class='ocrx_word' id='word_1_221' title='bbox 379 2337 489 2397; x_wconf 89' lang='lat' dir='ltr'><strong>titulum</strong></span> <span class='ocrx_word' id='word_1_222' title='bbox 503 2352 583 2397; x_wconf 89' lang='lat' dir='ltr'><strong>snum</strong></span> <span class='ocrx_word' id='word_1_223' title='bbox 600 2336 677 2415; x_wconf 78' lang='lat' dir='ltr'><strong>legat</strong></span> <span class='ocrx_word' id='word_1_224' title='bbox 695 2337 787 2417; x_wconf 89' lang='lat' dir='ltr'><strong>adque</strong></span> <span class='ocrx_word' id='word_1_225' title='bbox 804 2337 958 2400; x_wconf 88' lang='lat' dir='ltr'><strong>identidem</strong></span> <span class='ocrx_word' id='word_1_226' title='bbox 980 2337 1139 2416; x_wconf 79' lang='lat' dir='ltr'><strong>interroget</strong></span> <span class='ocrx_word' id='word_1_227' title='bbox 1155 2355 1189 2398; x_wconf 88' lang='lat' dir='ltr'><strong>so</strong></span> <span class='ocrx_word' id='word_1_228' title='bbox 1288 2415 1289 2420; x_wconf 5' lang='grc' dir='ltr'>ἵ</span> 
     </span>
     <span class='ocr_line' id='line_1_26' title="bbox 184 2419 1231 2499; baseline 0.005 -21"><span class='ocrx_word' id='word_1_229' title='bbox 184 2419 251 2497; x_wconf 93' lang='lat' dir='ltr'><strong>quid</strong></span> <span class='ocrx_word' id='word_1_230' title='bbox 269 2421 543 2498; x_wconf 86' lang='lat' dir='ltr'><strong>coeperitscribere</strong></span> <span class='ocrx_word' id='word_1_231' title='bbox 566 2421 712 2499; x_wconf 85' lang='lat' dir='ltr'><strong>sciatque,</strong></span> <span class='ocrx_word' id='word_1_232' title='bbox 736 2423 760 2483; x_wconf 91' lang='lat' dir='ltr'><strong>si</strong></span> <span class='ocrx_word' id='word_1_233' title='bbox 779 2424 913 2483; x_wconf 84' lang='lat' dir='ltr'><strong>materiae</strong></span> <span class='ocrx_word' id='word_1_234' title='bbox 929 2421 1108 2499; x_wconf 89' lang='lat' dir='ltr'><strong>immoratur,</strong></span> <span class='ocrx_word' id='word_1_235' title='bbox 1128 2429 1231 2483; x_wconf 70' lang='lat' dir='ltr'><strong>nonbb</strong></span> 
     </span>
     <span class='ocr_line' id='line_1_27' title="bbox 184 2501 1189 2584; baseline -0.001 -20"><span class='ocrx_word' id='word_1_236' title='bbox 184 2521 251 2564; x_wconf 88' lang='lat' dir='ltr'><strong>esse</strong></span> <span class='ocrx_word' id='word_1_237' title='bbox 272 2501 403 2581; x_wconf 81' lang='lat' dir='ltr'><strong>longum,</strong></span> <span class='ocrx_word' id='word_1_238' title='bbox 421 2502 631 2581; x_wconf 76' lang='lat' dir='ltr'><strong>longissimum,</strong></span> <span class='ocrx_word' id='word_1_239' title='bbox 655 2506 680 2565; x_wconf 89' lang='lat' dir='ltr'><strong>si</strong></span> <span class='ocrx_word' id='word_1_240' title='bbox 700 2502 805 2584; x_wconf 86' lang='lat' dir='ltr'><strong>aliquid</strong></span> <span class='ocrx_word' id='word_1_241' title='bbox 819 2506 940 2566; x_wconf 88' lang='lat' dir='ltr'><strong>arcessit</strong></span> <span class='ocrx_word' id='word_1_242' title='bbox 955 2505 1047 2584; x_wconf 90' lang='lat' dir='ltr'><strong>adque</strong></span> <span class='ocrx_word' id='word_1_243' title='bbox 1064 2503 1189 2565; x_wconf 90' lang='lat' dir='ltr'><strong>attrabit.</strong></span> 
     </span>
     <span class='ocr_line' id='line_1_28' title="bbox 143 2586 1189 2669; baseline 0.001 -21"><span class='ocrx_word' id='word_1_244' title='bbox 143 2586 271 2648; x_wconf 79' lang='lat' dir='ltr'><strong>43Vides</strong></span> <span class='ocrx_word' id='word_1_245' title='bbox 288 2596 357 2665; x_wconf 91' lang='lat' dir='ltr'><strong>quot</strong></span> <span class='ocrx_word' id='word_1_246' title='bbox 376 2587 508 2649; x_wconf 86' lang='lat' dir='ltr'><strong>versibus</strong></span> <span class='ocrx_word' id='word_1_247' title='bbox 526 2586 683 2666; x_wconf 89' lang='lat' dir='ltr'><strong>Homerus,</strong></span> <span class='ocrx_word' id='word_1_248' title='bbox 706 2598 775 2669; x_wconf 91' lang='lat' dir='ltr'><strong>quot</strong></span> <span class='ocrx_word' id='word_1_249' title='bbox 790 2588 937 2668; x_wconf 78' lang='lat' dir='ltr'><strong>Vergilius</strong></span> <span class='ocrx_word' id='word_1_250' title='bbox 951 2606 1042 2666; x_wconf 91' lang='lat' dir='ltr'><strong>arma,</strong></span> <span class='ocrx_word' id='word_1_251' title='bbox 1063 2588 1112 2649; x_wconf 94' lang='lat' dir='ltr'><strong>bio</strong></span> <span class='ocrx_word' id='word_1_252' title='bbox 1129 2586 1189 2649; x_wconf 82' lang='lat' dir='ltr'><strong>Ae·</strong></span> 
     </span>
     <span class='ocr_line' id='line_1_29' title="bbox 184 2669 1288 2752; baseline -0.001 -19"><span class='ocrx_word' id='word_1_253' title='bbox 184 2687 273 2749; x_wconf 88' lang='lat' dir='ltr'><strong>neae,</strong></span> <span class='ocrx_word' id='word_1_254' title='bbox 288 2669 409 2731; x_wconf 84' lang='lat' dir='ltr'><strong>Achillis</strong></span> <span class='ocrx_word' id='word_1_255' title='bbox 423 2671 490 2749; x_wconf 90' lang='lat' dir='ltr'><strong>ille,</strong></span> <span class='ocrx_word' id='word_1_256' title='bbox 505 2671 662 2733; x_wconf 86' lang='lat' dir='ltr'><strong>describat:</strong></span> <span class='ocrx_word' id='word_1_257' title='bbox 683 2674 778 2733; x_wconf 80' lang='lat' dir='ltr'><strong>brevis</strong></span> <span class='ocrx_word' id='word_1_258' title='bbox 793 2683 887 2733; x_wconf 89' lang='lat' dir='ltr'><strong>tamen</strong></span> <span class='ocrx_word' id='word_1_259' title='bbox 901 2682 1022 2751; x_wconf 91' lang='lat' dir='ltr'><strong>uterque</strong></span> <span class='ocrx_word' id='word_1_260' title='bbox 1037 2680 1100 2750; x_wconf 86' lang='lat' dir='ltr'><strong>est,</strong></span> <span class='ocrx_word' id='word_1_261' title='bbox 1122 2671 1190 2751; x_wconf 87' lang='lat' dir='ltr'><strong>quin</strong></span> <span class='ocrx_word' id='word_1_262' title='bbox 1287 2743 1288 2752; x_wconf 8' lang='grc' dir='ltr'>ἵ</span> 
     </span>
     <span class='ocr_line' id='line_1_30' title="bbox 184 2753 1288 2845; baseline -0.001 -30"><span class='ocrx_word' id='word_1_263' title='bbox 184 2755 252 2816; x_wconf 91' lang='lat' dir='ltr'><strong>facit</strong></span> <span class='ocrx_word' id='word_1_264' title='bbox 273 2755 349 2834; x_wconf 90' lang='lat' dir='ltr'><strong>quod</strong></span> <span class='ocrx_word' id='word_1_265' title='bbox 369 2757 497 2818; x_wconf 77' lang='lat' dir='ltr'><strong>instituit,</strong></span> <span class='ocrx_word' id='word_1_266' title='bbox 528 2753 618 2820; x_wconf 88' lang='lat' dir='ltr'><strong>Vides</strong></span> <span class='ocrx_word' id='word_1_267' title='bbox 631 2766 662 2817; x_wconf 94' lang='lat' dir='ltr'><strong>ut</strong></span> <span class='ocrx_word' id='word_1_268' title='bbox 676 2755 778 2819; x_wconf 82' lang='lat' dir='ltr'><strong>Aratus</strong></span> <span class='ocrx_word' id='word_1_269' title='bbox 794 2756 978 2818; x_wconf 85' lang='lat' dir='ltr'><strong>minutissima</strong></span> <span class='ocrx_word' id='word_1_270' title='bbox 992 2755 1076 2816; x_wconf 88' lang='lat' dir='ltr'><strong>otiam</strong></span> <span class='ocrx_word' id='word_1_271' title='bbox 1092 2755 1190 2816; x_wconf 87' lang='lat' dir='ltr'><strong>sidera</strong></span> <span class='ocrx_word' id='word_1_272' title='bbox 1287 2753 1288 2845; x_wconf 68' lang='lat' dir='ltr'><strong>l</strong></span> 
     </span>
     <span class='ocr_line' id='line_1_31' title="bbox 187 2837 1231 2918; baseline -0.002 -19"><span class='ocrx_word' id='word_1_273' title='bbox 187 2847 370 2900; x_wconf 88' lang='lat' dir='ltr'><strong>consectetur</strong></span> <span class='ocrx_word' id='word_1_274' title='bbox 386 2849 415 2900; x_wconf 93' lang='lat' dir='ltr'><strong>et</strong></span> <span class='ocrx_word' id='word_1_275' title='bbox 436 2839 566 2918; x_wconf 77' lang='lat' dir='ltr'><strong>colligat:</strong></span> <span class='ocrx_word' id='word_1_276' title='bbox 587 2838 699 2900; x_wconf 90' lang='lat' dir='ltr'><strong>modum</strong></span> <span class='ocrx_word' id='word_1_277' title='bbox 720 2850 813 2901; x_wconf 88' lang='lat' dir='ltr'><strong>tamen</strong></span> <span class='ocrx_word' id='word_1_278' title='bbox 834 2851 938 2902; x_wconf 85' lang='lat' dir='ltr'><strong>servat.</strong></span> <span class='ocrx_word' id='word_1_279' title='bbox 966 2837 1031 2900; x_wconf 84' lang='lat' dir='ltr'><strong>Non</strong></span> <span class='ocrx_word' id='word_1_280' title='bbox 1045 2841 1121 2900; x_wconf 89' lang='lat' dir='ltr'><strong>enim</strong></span> <span class='ocrx_word' id='word_1_281' title='bbox 1135 2841 1231 2900; x_wconf 77' lang='lat' dir='ltr'><strong>err-to</strong></span> 
     </span>
     <span class='ocr_line' id='line_1_32' title="bbox 143 2921 1189 3002; baseline 0.002 -20"><span class='ocrx_word' id='word_1_282' title='bbox 143 2928 287 2982; x_wconf 64' lang='lat' dir='ltr'><strong>mcursus</strong></span> <span class='ocrx_word' id='word_1_283' title='bbox 305 2921 352 2981; x_wconf 92' lang='lat' dir='ltr'><strong>bio</strong></span> <span class='ocrx_word' id='word_1_284' title='bbox 367 2922 446 3000; x_wconf 91' lang='lat' dir='ltr'><strong>eius,</strong></span> <span class='ocrx_word' id='word_1_285' title='bbox 469 2924 522 2985; x_wconf 91' lang='lat' dir='ltr'><strong>sed</strong></span> <span class='ocrx_word' id='word_1_286' title='bbox 535 2940 608 3001; x_wconf 90' lang='lat' dir='ltr'><strong>opus</strong></span> <span class='ocrx_word' id='word_1_287' title='bbox 622 2922 715 3002; x_wconf 90' lang='lat' dir='ltr'><strong>ipsum</strong></span> <span class='ocrx_word' id='word_1_288' title='bbox 727 2933 783 2985; x_wconf 85' lang='lat' dir='ltr'><strong>est.</strong></span> <span class='ocrx_word' id='word_1_289' title='bbox 815 2923 952 2985; x_wconf 87' lang='lat' dir='ltr'><strong>Similiter</strong></span> <span class='ocrx_word' id='word_1_290' title='bbox 965 2941 1035 3002; x_wconf 92' lang='lat' dir='ltr'><strong>nos,</strong></span> <span class='ocrx_word' id='word_1_291' title='bbox 1051 2933 1081 2984; x_wconf 92' lang='lat' dir='ltr'><strong>ut</strong></span> <span class='ocrx_word' id='word_1_292' title='bbox 1099 2939 1189 3002; x_wconf 79' lang='lat' dir='ltr'><strong>parra</strong></span> 
     </span>
     <span class='ocr_line' id='line_1_33' title="bbox 183 3005 1188 3085; baseline 0.005 -23"><span class='ocrx_word' id='word_1_293' title='bbox 183 3005 309 3082; x_wconf 75' lang='lat' dir='ltr'><strong>magnis,</strong></span> <span class='ocrx_word' id='word_1_294' title='bbox 326 3021 390 3064; x_wconf 89' lang='lat' dir='ltr'><strong>oum</strong></span> <span class='ocrx_word' id='word_1_295' title='bbox 404 3013 491 3068; x_wconf 90' lang='lat' dir='ltr'><strong>totam</strong></span> <span class='ocrx_word' id='word_1_296' title='bbox 501 3005 596 3067; x_wconf 87' lang='lat' dir='ltr'><strong>villam</strong></span> <span class='ocrx_word' id='word_1_297' title='bbox 610 3005 702 3071; x_wconf 91' lang='lat' dir='ltr'><strong>oculis</strong></span> <span class='ocrx_word' id='word_1_298' title='bbox 716 3009 771 3069; x_wconf 87' lang='lat' dir='ltr'><strong>tuis</strong></span> <span class='ocrx_word' id='word_1_299' title='bbox 787 3008 921 3070; x_wconf 88' lang='lat' dir='ltr'><strong>subicere</strong></span> <span class='ocrx_word' id='word_1_300' title='bbox 939 3025 1090 3085; x_wconf 84' lang='lat' dir='ltr'><strong>conamur,</strong></span> <span class='ocrx_word' id='word_1_301' title='bbox 1104 3007 1130 3067; x_wconf 91' lang='lat' dir='ltr'><strong>si</strong></span> <span class='ocrx_word' id='word_1_302' title='bbox 1145 3008 1188 3067; x_wconf 93' lang='lat' dir='ltr'><strong>ni·</strong></span> 
     </span>
     <span class='ocr_line' id='line_1_34' title="bbox 183 3087 1188 3172; baseline 0.004 -24"><span class='ocrx_word' id='word_1_303' title='bbox 183 3087 223 3148; x_wconf 94' lang='lat' dir='ltr'><strong>bil</strong></span> <span class='ocrx_word' id='word_1_304' title='bbox 235 3087 378 3147; x_wconf 89' lang='lat' dir='ltr'><strong>inductum</strong></span> <span class='ocrx_word' id='word_1_305' title='bbox 393 3097 422 3148; x_wconf 92' lang='lat' dir='ltr'><strong>et</strong></span> <span class='ocrx_word' id='word_1_306' title='bbox 436 3089 516 3169; x_wconf 91' lang='lat' dir='ltr'><strong>quasi</strong></span> <span class='ocrx_word' id='word_1_307' title='bbox 530 3089 642 3150; x_wconf 84' lang='lat' dir='ltr'><strong>devium</strong></span> <span class='ocrx_word' id='word_1_308' title='bbox 657 3089 815 3170; x_wconf 90' lang='lat' dir='ltr'><strong>loquimur,</strong></span> <span class='ocrx_word' id='word_1_309' title='bbox 837 3109 894 3153; x_wconf 93' lang='lat' dir='ltr'><strong>uon</strong></span> <span class='ocrx_word' id='word_1_310' title='bbox 910 3092 1032 3172; x_wconf 87' lang='lat' dir='ltr'><strong>epistula</strong></span> <span class='ocrx_word' id='word_1_311' title='bbox 1047 3107 1121 3170; x_wconf 90' lang='lat' dir='ltr'><strong>quae</strong></span> <span class='ocrx_word' id='word_1_312' title='bbox 1137 3090 1188 3152; x_wconf 88' lang='lat' dir='ltr'><strong>de·</strong></span> 
     </span>
     <span class='ocr_line' id='line_1_35' title="bbox 184 3170 1286 3254; baseline 0.001 -21"><span class='ocrx_word' id='word_1_313' title='bbox 184 3172 283 3233; x_wconf 90' lang='lat' dir='ltr'><strong>scribit</strong></span> <span class='ocrx_word' id='word_1_314' title='bbox 294 3170 347 3233; x_wconf 92' lang='lat' dir='ltr'><strong>sed</strong></span> <span class='ocrx_word' id='word_1_315' title='bbox 360 3171 428 3232; x_wconf 85' lang='lat' dir='ltr'><strong>villa</strong></span> <span class='ocrx_word' id='word_1_316' title='bbox 442 3190 515 3251; x_wconf 91' lang='lat' dir='ltr'><strong>quae</strong></span> <span class='ocrx_word' id='word_1_317' title='bbox 526 3172 695 3234; x_wconf 88' lang='lat' dir='ltr'><strong>describitur</strong></span> <span class='ocrx_word' id='word_1_318' title='bbox 709 3191 809 3254; x_wconf 76' lang='lat' dir='ltr'><strong>magna</strong></span> <span class='ocrx_word' id='word_1_319' title='bbox 822 3185 876 3237; x_wconf 91' lang='lat' dir='ltr'><strong>est.</strong></span> <span class='ocrx_word' id='word_1_320' title='bbox 906 3175 1011 3236; x_wconf 85' lang='lat' dir='ltr'><strong>Verum</strong></span> <span class='ocrx_word' id='word_1_321' title='bbox 1025 3173 1095 3236; x_wconf 89' lang='lat' dir='ltr'><strong>illuc</strong></span> <span class='ocrx_word' id='word_1_322' title='bbox 1110 3173 1187 3234; x_wconf 90' lang='lat' dir='ltr'><strong>unde</strong></span> <span class='ocrx_word' id='word_1_323' title='bbox 1285 3212 1286 3222; x_wconf 33' lang='lat' dir='ltr'><strong>t</strong></span> 
     </span>
     <span class='ocr_line' id='line_1_36' title="bbox 143 3255 1226 3421; baseline 0.005 -22"><span class='ocrx_word' id='word_1_324' title='bbox 143 3255 1057 3421; x_wconf 62' lang='lat' dir='ltr'><strong>aittalittlllmltlttititt‘ttttltlttsi</strong></span> <span class='ocrx_word' id='word_1_325' title='bbox 1071 3257 1226 3404; x_wconf 54' lang='lat' dir='ltr'><strong>bitti</strong></span> 
     </span>
     <span class='ocr_line' id='line_1_37' title="bbox 185 3419 1189 3507; baseline 0.008 -29"><span class='ocrx_word' id='word_1_326' title='bbox 185 3437 265 3482; x_wconf 92' lang='lat' dir='ltr'><strong>meos</strong></span> <span class='ocrx_word' id='word_1_327' title='bbox 281 3419 459 3500; x_wconf 80' lang='lat' dir='ltr'><strong>Tusculanis,</strong></span> <span class='ocrx_word' id='word_1_328' title='bbox 475 3422 638 3503; x_wconf 79' lang='lat' dir='ltr'><strong>Tiburtinis,</strong></span> <span class='ocrx_word' id='word_1_329' title='bbox 653 3425 902 3505; x_wconf 82' lang='lat' dir='ltr'><strong>Praenestinisque</strong></span> <span class='ocrx_word' id='word_1_330' title='bbox 912 3442 1096 3507; x_wconf 85' lang='lat' dir='ltr'><strong>praeponam.</strong></span> <span class='ocrx_word' id='word_1_331' title='bbox 1114 3425 1189 3487; x_wconf 88' lang='lat' dir='ltr'><strong>Nam</strong></span> 
     </span>
     <span class='ocr_line' id='line_1_38' title="bbox 185 3501 1188 3591; baseline 0.005 -26"><span class='ocrx_word' id='word_1_332' title='bbox 185 3521 274 3583; x_wconf 88' lang='lat' dir='ltr'><strong>super</strong></span> <span class='ocrx_word' id='word_1_333' title='bbox 284 3501 332 3566; x_wconf 89' lang='lat' dir='ltr'><strong>illa</strong></span> <span class='ocrx_word' id='word_1_334' title='bbox 347 3523 419 3585; x_wconf 90' lang='lat' dir='ltr'><strong>quae</strong></span> <span class='ocrx_word' id='word_1_335' title='bbox 440 3506 536 3568; x_wconf 88' lang='lat' dir='ltr'><strong>rettuli</strong></span> <span class='ocrx_word' id='word_1_336' title='bbox 550 3507 634 3569; x_wconf 86' lang='lat' dir='ltr'><strong>altius</strong></span> <span class='ocrx_word' id='word_1_337' title='bbox 648 3509 687 3568; x_wconf 92' lang='lat' dir='ltr'><strong>ibi</strong></span> <span class='ocrx_word' id='word_1_338' title='bbox 702 3510 789 3570; x_wconf 91' lang='lat' dir='ltr'><strong>otium</strong></span> <span class='ocrx_word' id='word_1_339' title='bbox 804 3520 833 3570; x_wconf 89' lang='lat' dir='ltr'><strong>et</strong></span> <span class='ocrx_word' id='word_1_340' title='bbox 847 3510 980 3589; x_wconf 72' lang='lat' dir='ltr'><strong>pinguius</strong></span> <span class='ocrx_word' id='word_1_341' title='bbox 992 3527 1087 3591; x_wconf 89' lang='lat' dir='ltr'><strong>eoque</strong></span> <span class='ocrx_word' id='word_1_342' title='bbox 1101 3528 1188 3571; x_wconf 89' lang='lat' dir='ltr'><strong>seca·</strong></span> 
     </span>
    </p>
   </div>
   <div class='ocr_carea' id='block_1_3' title="bbox 0 0 1299 3972">
    <p class='ocr_par' dir='ltr' id='par_1_3' title="bbox 0 0 1299 3972">
     <span class='ocr_line' id='line_1_39' title="bbox 0 0 1299 3972; baseline 0 0"><span class='ocrx_word' id='word_1_343' title='bbox 0 0 1299 3972; x_wconf 95' lang='lat' dir='ltr'><strong> </strong></span> 
     </span>
    </p>
   </div>
  </div>
 </body>
</html>
