2584 3972
381 257 644 320 EPISTULARUM
657 259 707 319 Vl.
726 272 752 323 1.
767 270 792 323 2.
1028 259 1090 324 109

94 409 1091 576 t⁰ttiittttitltettl“illimitttititlltti

95 575 201 638 sulehat
216 577 252 642 sle
267 577 387 637 annonis
402 587 526 656 eventu,
549 597 566 640 a
587 541 670 640 nlmia
684 580 905 658 superstitione,
926 579 988 656 sed,
997 589 1090 641 tamen

95 669 121 722 et
133 679 150 720 a
161 677 264 740 magno
279 657 434 722 studiorum
448 659 559 722 honore
578 663 721 724 veniebat.
749 659 808 722 lam
827 659 876 722 illa
896 680 1034 743 perquam
1047 665 1115 728 tus

73 743 180 805 tountla
193 763 247 805 una
262 743 438 824 dicentibus,
455 745 531 824 quod
544 745 635 806 libera
649 756 778 828 tempora
791 747 925 838 petpbap,
952 746 1029 826 quod
1042 765 1090 808 au·

94 827 195 889 liturus
218 827 397 906 corrogabat.
436 826 511 901 Quid
533 830 607 891 enim
626 818 880 910 ineundius¹quam⁴
896 830 951 892 sub
973 828 1089 892 alterius

93 909 190 971 narnia
212 930 295 991 quam
316 910 361 973 diu
382 910 456 974 velis
477 921 507 974 et
520 914 548 974 in
570 912 665 974 alieno
679 912 817 975 auditorio
833 916 913 994 quasi
931 913 1090 994 deprehen·

94 1013 150 1054 sum
170 994 319 1056 commode
341 991 460 1057 dioerei
492 997 551 1058 Sed
572 1005 725 1078 utcumque
746 1017 779 1058 se
794 995 900 1059 habent
919 998 989 1076 ista,
1014 996 1116 1062 lienes

94 1076 158 1138 ieoit
170 1077 300 1158 Regulus
315 1074 392 1158 quod
406 1088 452 1140 est
467 1091 610 1151 mortuum
635 1082 754 1159 melius,
775 1082 800 1142 si
814 1091 890 1142 ante.
918 1079 1001 1141 Nune
1017 1083 1091 1142 enim

62 1163 88 1216 10
96 1179 157 1222 sane
181 1170 295 1242 poterat
314 1164 376 1223 sine
397 1162 471 1224 malo
492 1163 611 1244 publioo
628 1163 730 1226 ¹uivere
753 1166 806 1226 snb
828 1182 865 1225 eo
885 1165 1014 1246 principe
1037 1165 1090 1225 sub

95 1262 145 1324 quo
158 1264 267 1307 noosre
284 1263 340 1305 non
355 1255 476 1325 poterat.
497 1247 567 1309 ldeo
579 1247 622 1309 ias
637 1257 683 1309 est
696 1265 753 1308 non
766 1265 915 1327 numquam
927 1267 992 1308 eum
1006 1266 1092 1327 quae·

95 1346 161 1389 rere.
193 1328 265 1390 Nam
285 1339 436 1408 postquam
456 1331 525 1392 obiit
544 1330 612 1408 ille,
632 1333 787 1393 increbruit
806 1333 912 1410 passim
931 1340 960 1392 et
975 1330 1116 1396 invaluits

97 1412 265 1474 consuetudo
286 1414 366 1474 binas
380 1413 429 1474 vel
444 1415 571 1493 singulas
585 1413 770 1494 olepsydms‚
792 1414 931 1475 interdum
951 1417 1035 1474 etiam
1050 1414 1091 1474 di·

96 1495 184 1557 midias
205 1507 235 1558 et
258 1496 339 1557 dandi
362 1506 391 1557 et
412 1497 537 1576 petendi.
568 1497 639 1559 llam
654 1507 683 1559 et
696 1499 745 1580 qui
762 1499 858 1560 dicunt
876 1497 975 1576 egisse
985 1497 1091 1560 malunt

65 1572 89 1626 1⁵
97 1595 170 1658 quam
184 1597 273 1660 agere
287 1589 318 1641 et
333 1581 381 1658 qui
396 1581 510 1644 audiunt
528 1583 608 1643 linire
625 1601 708 1661 quam
725 1582 859 1643 iudicare.
888 1580 977 1644 'lanta
990 1581 1090 1660 negle-

96 1666 200 1742 gentia,
231 1673 308 1725 tenta
331 1664 456 1744 desidia,
483 1674 560 1727 tanta
580 1665 703 1746 denique
723 1667 913 1728 inreverentia
933 1665 1091 1726 studiorum

96 1747 339 1828 perieolommque
356 1756 412 1809 est.
444 1749 491 1810 An
510 1767 564 1810 nos
589 1751 778 1830 sapientiores
797 1748 950 1811 maioribus
972 1751 1117 1827 nostris‚6

96 1847 142 1891 nos
154 1830 268 1910 legibus
282 1832 518 1912 ipsis‘iustiores‚
540 1851 612 1912 quae
628 1842 671 1895 tot
687 1834 787 1911 horas,
803 1842 846 1895 tot
862 1833 941 1911 dies,
956 1839 999 1894 tot
1015 1850 1091 1893 oom-

97 1915 336 1990 perenrlinetiones
351 1914 528 1996 largiuntur?
547 1916 670 1979 hebetes
685 1917 727 1978 illi
742 1925 772 1978 et
786 1935 871 1997 supra
881 1916 995 1977 modum
1006 1916 1090 1995 tardi,

65 1996 143 2058 linos
157 2002 282 2078 apertius
296 1999 427 2079 diuinum,
447 2001 571 2062 celerius
586 2001 791 2080 intellegimus,
807 2001 972 2079 religiosius
986 1998 1090 2059 iudiea-

96 2087 245 2229 ttul'l
259 2083 985 2247 ittiitlttlt’tiguitlluttttlit
1004 2099 1116 2233 titt

97 2247 143 2310 lus
158 2185 308 2331 optingbas
328 2251 405 2332 qnod
421 2251 487 2312 iidei
500 2253 664 2336 paucissimi
684 2187 842 2332 praqgstantl
864 2247 1005 2330 Equidem
1020 2265 1090 2330 quo·

96 2331 162 2396 tiens
174 2336 289 2414 iudico,
313 2336 391 2414 quod
405 2334 454 2396 rel
467 2337 583 2416 saepius
599 2336 674 2397 iaoio
690 2335 864 2416 quamnim,
882 2345 1014 2414 quantum
1026 2335 1090 2413 quis

66 2414 235 2492 ltplurimum
252 2419 379 2500 postulat
398 2435 487 2500 oquae
506 2418 553 2480 do.
586 2419 700 2482 llt'snim
713 2421 892 2482 temerarium
907 2420 1038 2480 existimo
1051 2418 1117 2484 ‹li-e

98 2500 183 2563 vinam
201 2519 286 2584 qnam
300 2506 428 2584 spatiosa
442 2506 480 2566 sit
496 2521 582 2566 eausa
599 2504 722 2566 inaudita
736 2513 908 2584 tempusque
922 2505 1042 2581 negotio
1060 2503 1091 2562 li·

98 2583 150 2645 nire
163 2590 243 2650 onius
260 2588 374 2648 modum
388 2589 522 2667 ignores,
545 2591 714 2669 praesertim
738 2606 802 2650 oum
823 2589 939 2668 primam
956 2586 1091 2664 religioni

99 2683 158 2730 suae
170 2672 257 2732 index
277 2673 438 2752 patientiam
459 2672 580 2751 debeat,
607 2691 680 2753 quae
700 2689 766 2752 pars
781 2689 881 2750 magna
897 2671 1022 2731 institiae
1036 2679 1090 2729 est.

99 2747 131 2810 lt
142 2754 274 2832 quaedam
288 2774 465 2836 supervacua
476 2755 614 2817 (licuntur.
636 2755 742 2817 Etiam:
757 2754 809 2817 sed
821 2755 907 2816 satim
919 2760 964 2813 est
977 2751 1090 2813 ethaeo

69 2830 149 2894 outo
163 2856 243 2917 quam
263 2856 319 2900 non
340 2839 396 2901 diei
410 2841 582 2900 necessaria.
614 2841 767 2902 Praeterea
781 2857 816 2898 an
830 2839 886 2899 sint
900 2845 1117 2915 supervacua,9

100 2917 146 2978 nisi
160 2939 221 2982 oum
235 2921 369 3001 audieris,
386 2925 461 2985 scire
475 2941 532 2983 non
545 2927 651 3004 possis.
683 2922 741 2984 Sed
755 2922 791 2982 de
806 2921 850 2983 his
865 2918 967 2981 melius
982 2937 1088 2996 eoram,

101 3009 126 3059 ul
138 3001 170 3064 tle
185 3005 314 3085 pluribus
329 3009 405 3069 vittis
426 3007 555 3067 civitatis.
585 3007 656 3068 Nam
670 3017 702 3068 tu
717 3023 833 3086 quoque
847 3021 943 3066 amore
966 3021 1090 3065 eommu-

101 3084 167 3146 uinn
180 3089 258 3151 soles
273 3091 415 3153 emendari
435 3107 542 3170 oupers
564 3109 637 3171 qnae
659 3093 714 3151 iam
734 3092 882 3170 corrigere
902 3087 1019 3148 dillioile
1034 3095 1089 3146 est.

101 3163 172 3263 tuno
181 3176 365 3254 respiciamus
380 3173 481 3234 domos
496 3183 619 3236 nostras.
652 3173 764 3254 llequid
779 3175 871 3235 omnia
882 3174 911 3232 in
926 3181 973 3232 tua
986 3164 1089 3230 reete?
1098 3179 1134 3234 lo

72 3249 126 3310 itu
137 3269 195 3317 nea
208 3260 273 3318 novi
287 3258 364 3319 nilril.
386 3257 455 3318 llihi
469 3267 563 3328 autem
576 3266 607 3320 et
620 3260 744 3338 gratiora
755 3267 819 3318 sunt
833 3257 918 3332 bona,
935 3251 1011 3333 quod
1021 3270 1088 3335 per·

25 3389 26 3392 ,
102 3351 232 3420 severant,
246 3351 276 3403 et
289 3341 398 3404 leuiora
410 3341 598 3424 incommodo,
613 3343 691 3426 quosl
702 3340 830 3406 adsuevi.
859 3337 942 3400 Vale.
