2584 3972
164 244 226 308 100
590 240 621 306 C.
645 240 742 302 Pthii

138 396 249 462 t'lales
270 395 375 475 ubique
395 411 558 463 sermonem
586 393 635 474 qui
653 403 746 454 umen
768 393 929 454 alterutram
950 393 980 452 in
997 399 1105 471 partem
1129 409 1168 452 ex

164 489 269 542 eventu
284 478 498 560 praevalebunt.
530 477 584 540 Est
598 479 710 538 omnino
729 478 854 557 iniquom
870 475 924 537 sed
943 493 997 537 usu
1016 485 1168 555 receptum

165 563 241 643 quod
257 563 378 624 honesta
393 561 512 623 consilia
526 561 574 622 vel
589 563 697 641 turpia,
710 571 795 640 prout
810 561 883 621 male
897 569 945 620 aut
958 575 1101 640 prospere
1117 575 1166 620 cc·

163 647 248 725 dunt,
272 648 310 708 ita
325 644 375 706 rel
392 645 547 724 probantur
560 644 609 706 vel
623 645 877 724 reprehenduntur.
910 642 980 704 lnde
996 643 1166 722 plerumque

162 731 264 792 eadem
284 732 359 790 lacta
376 729 462 789 modo
482 728 646 807 diligentiae
657 728 742 789 modo
757 729 905 806 vanitatis,
926 726 1011 787 modo
1026 725 1195 794 libertatiss

162 813 248 876 modo
265 814 368 874 furoris
384 830 488 873 nomen
502 814 656 892 accipiunt.
686 811 769 872 Vale.

588 945 623 1006 Χ.
666 943 714 1006 ιιι.

317 1043 344 1094 c.
361 1045 486 1096 sciurus
503 947 665 1096 suurourol
678 947 884 1106 ssalnuoumso
902 1044 962 1096 suo
981 1043 1008 1098 a.

140 1165 155 1217 1
225 1146 326 1207 libera
339 1145 451 1206 tandem
466 1145 771 1223 hendecasyllaborum
783 1145 1016 1223 meorumbdem,
1033 1144 1081 1224 qui
1094 1145 1211 1208 scri-1⁰
1283 1205 1284 1210 ,

162 1239 212 1309 ptn
233 1239 280 1290 tua
297 1231 493 1290 communibus
509 1230 608 1291 amicis
630 1231 856 1311 spoponderunt·
889 1227 1079 1309 Appellantur
1095 1227 1169 1288 coti·

163 1314 209 1374 die
222 1322 253 1374 et
268 1314 444 1392 flagitantur,
469 1332 505 1375 ao
520 1315 574 1374 iam
588 1315 747 1395 periculum
766 1324 813 1377 est
831 1333 869 1375 ne
886 1323 1026 1392 cogantur
1038 1313 1074 1373 ad
1088 1311 1169 1372 exhi·

135 1397 284 1466 bbendum
298 1397 446 1458 lormnlam
460 1397 605 1478 accipere.
626 1399 695 1459 Sum
711 1409 741 1460 et
754 1398 858 1478 ipsein
871 1396 985 1459 edendo
999 1397 1168 1474 haesitator,

163 1490 193 1540 tu
217 1489 310 1540 tamen
328 1499 425 1541 meam
448 1498 563 1559 quoqne
591 1483 799 1543 cunctationem
820 1481 1035 1560 tarditatemque
1060 1481 1167 1541 vicisti.

162 1563 284 1624 Proinde
303 1573 350 1624 aut
369 1580 469 1641 rumpe
489 1564 544 1623 iam
558 1564 651 1626 moras
667 1574 714 1625 ant
729 1584 799 1626 cave
814 1584 851 1625 ne
865 1565 983 1626 eosdem
996 1566 1068 1624 istos
1082 1563 1212 1624 libel-15

163 1645 220 1725 los,
237 1664 309 1726 quos
324 1647 375 1706 tibi
389 1645 623 1722 hendecasyllabi
644 1651 735 1709 nostri
748 1646 889 1710 blanditiis
904 1649 1012 1709 elicere
1026 1666 1083 1709 non
1099 1665 1169 1728 pos·

137 1741 246 1808 esunt,
273 1731 405 1791 convicio
427 1739 579 1791 scazontes
594 1741 791 1811 extorqueant.
819 1730 982 1794 Perfectum
996 1733 1170 1812 opusabso·

163 1814 310 1893 lutumque
325 1824 387 1892 est,
413 1831 469 1873 nec
485 1814 539 1874 iam
557 1813 736 1894 splendescit
749 1815 813 1876 lima
828 1815 880 1876 sed
894 1817 1032 1877 atteritur.
1065 1814 1170 1876 Patere

162 1915 209 1962 ute
230 1898 330 1959 ridere
349 1897 469 1959 titulum
481 1906 575 1976 mum,
604 1908 704 1978 patere
723 1898 820 1961 audire
840 1898 964 1961 describi
987 1899 1045 1978 legi
1067 1899 1169 1960 venue

162 1980 305 2043 volumina
326 1981 480 2062 Tranquilli
500 1982 566 2044 mei.
593 1983 727 2062 Aequom
746 1992 792 2045 est
811 1999 865 2046 nos
878 1985 907 2044 in
923 1997 1020 2044 amore
1037 1992 1093 2042 tarn
1106 1989 1212 2042 mus-to

162 2075 212 2127 tuo
226 2067 345 2210 eanqqm
359 2067 512 2147 percipere
526 2085 565 2128 en
578 2076 608 2127 te
621 2067 813 2148 uoluptatem,
836 2083 891 2148 qua
906 2077 936 2128 tn
956 2067 1115 2145 perfrueris
1131 2081 1171 2128 ex

163 2151 258 2212 nobis.
315 2151 372 2212 ale.

241 2381 270 2436 G.
289 2380 414 2431 PLINIUS
432 2280 756 2432 GALPURNssIFgffllJO
778 2381 965 2435 Pnosoosuo
984 2383 1044 2435 SUO
1061 2381 1088 2438 S.
1178 2416 1211 2468 ᾗ

138 2498 153 2550 1
225 2481 336 2560 Recepi
351 2481 461 2541 litteras
474 2490 555 2560 toas,
572 2501 609 2542 ex
622 2484 724 2562 quibus
735 2482 861 2562 cognovi
878 2493 908 2545 te
925 2484 1170 2564 speciosissimam

163 2566 305 2646 porticum
320 2565 374 2626 sub
387 2573 437 2626 too
453 2564 560 2645 iiliique
573 2566 613 2627 tui
624 2568 737 2628 nomine
754 2567 917 2646 dedicasse,
934 2568 1065 2648 sequenti
1080 2567 1128 2629 die
1139 2571 1170 2628 in

162 2659 307 2728 portarum
322 2658 448 2710 ornatum
461 2650 611 2729 pecaniam
622 2653 801 2731 promisisse,
816 2661 848 2713 ut
864 2651 971 2712 initium
982 2669 1076 2712 novae
1094 2651 1169 2712 libe·

136 2734 278 2800 tralitatis
292 2742 372 2822 esset
386 2734 589 2796 comummatio
604 2735 717 2814 prioris.
740 2733 856 2797 Gaudeo
870 2736 990 2814 primurn
1004 2746 1051 2796 tua
1062 2735 1167 2814 gloria,

163 2819 244 2879 coins
264 2817 300 2880 ad
320 2833 366 2878 rne
389 2835 456 2896 pars
476 2819 568 2897 aliqua
590 2835 644 2898 pro
663 2819 877 2881 necessitudine
897 2828 994 2880 nostra
1012 2819 1210 2889 redundante

162 2984 217 3044 deo
243 2983 383 3062 prolerri;
413 2994 560 3063 postremo
584 2985 660 3064 quod
682 2987 772 3066 patria
791 2995 888 3046 nostra
907 2986 1052 3064 florescit,
1083 3001 1169 3066 quarn

162 2900 265 2961 deinde
287 2901 364 2978 quod
384 2903 546 2962 memoriam
564 2903 659 2962 soceri
680 2904 735 2962 mei
755 2902 953 2981 pulcherrimis
970 2903 1107 2982 operibus
1124 2903 1168 2962 ri·

161 3067 228 3127 mihi
242 3083 258 3126 a
273 3081 454 3146 quocumque
468 3068 563 3130 excoli
573 3069 735 3148 iucundum,
749 3087 766 3130 a
780 3079 810 3131 te
823 3088 895 3132 raro
909 3070 1094 3132 laetissimum
1110 3079 1166 3132 est.
1283 3093 1284 3104 ¹

135 3149 246 3224 abaco
261 3161 412 3230 superest,
435 3150 507 3213 daos
521 3169 627 3232 precor
640 3162 671 3214 nt
685 3156 805 3215 animum
820 3155 905 3215 istum
920 3153 988 3232 tibi,
1011 3151 1103 3215 animo
1117 3155 1167 3216 isti

161 3243 274 3312 tempus
290 3251 373 3314 qnam
394 3234 590 3314 longissimam
611 3238 742 3300 tribuant.
772 3235 842 3298 um
855 3237 946 3318 liquet
960 3238 1026 3298 mibi
1040 3238 1209 3301 futurumst

160 3325 191 3376 ut
201 3327 320 3395 peracto
334 3319 411 3397 quod
427 3322 555 3398 proxime
571 3321 727 3400 promisisti
742 3319 861 3382 inchoes
874 3319 961 3382 aliud.
978 3319 1079 3383 Nescit
1089 3323 1167 3383 eninr
1283 3345 1284 3386 r

160 3398 252 3459 semel
267 3401 380 3464 incitata
392 3402 548 3466 liberalitas
564 3413 651 3483 stare,
669 3407 750 3466 onias
765 3403 1002 3483 pulchritudinem
1016 3421 1085 3468 nsns
1099 3407 1166 3487 ipse
1226 3451 1230 3502 J
1283 3463 1284 3516 ,

1283 3519 1284 3567 l

1283 3582 1284 3616 l

161 3484 346 3545 commendat.
379 3486 460 3579 l'ale.
