2604 3972
331 261 594 324 EPISTULARUM
606 261 685 323 Vlll.
703 274 747 325 22.
763 271 806 326 23.
824 273 868 326 24.
1039 262 1101 327 173

104 423 148 476 tus
162 415 189 474 in
202 415 332 494 petendis
346 415 501 476 honoribus
517 415 623 476 iuerat:
644 414 679 475 ad
698 415 755 476 hoc
779 417 817 476 ita
833 433 880 475 mc
894 413 1048 493 diligebat,
1063 417 1103 478 ita
1165 473 1167 492 ἶ

104 492 251 559 verebatur
263 508 294 559 ut
307 517 352 559 mc
367 498 521 560 formatore
535 516 661 576 morum,
687 517 733 560 mc
754 500 834 578 quasi
854 500 990 576 magistro
1005 509 1101 562 uterc-

103 589 154 642 tur.
173 581 276 643 llnrum
294 583 351 643 hoc
372 583 401 642 in
419 582 651 645 adulescentibus
673 584 788 644 nostris.
819 579 890 644 llam
904 591 1008 661 quotus
1024 584 1128 662 quis-3

104 683 156 744 que
169 665 216 727 rel
236 667 321 728 aetati
341 665 457 727 alterius
478 666 525 727 rel
541 667 701 728 auctoritati
721 676 752 728 ut
771 667 862 727 minor
880 661 978 727 cediti
1000 666 1101 728 Statim

79 751 219 828 ssapiunt,
235 751 329 812 statim
345 751 438 812 sciunt
452 753 561 828 omnia,
577 752 718 812 nominem
732 759 880 828 vorentur,
896 751 1037 810 imitantur
1050 769 1101 812 no·

101 834 199 894 minem
216 843 302 914 atquc
322 835 378 913 ipsi
398 833 606 914 sibi-arempla
625 844 700 896 sunt.
732 834 791 896 Sed
811 832 1001 911 non-Avitus,
1021 835 1101 897 cuius

101 915 169 977 baec
184 920 339 998 praecipua
353 916 518 998 prudentia,
545 918 621 998 quod
641 918 713 980 alios
734 918 933 998 prudentiores
948 917 1102 979 arbitraba·

99 1009 157 1077 tur,
178 1000 252 1063 baec
272 1002 427 1082 praecipua
448 1003 586 1082 eruditio,
609 1002 687 1082 quod
702 1002 816 1064 discere
829 1001 956 1063 volebat.
979 1001 1127 1081 Semper4

100 1082 147 1142 ille
160 1094 208 1145 aut
222 1085 260 1147 dc
276 1085 377 1146 studiis
391 1085 495 1165 aliquid
509 1096 557 1147 aut
571 1085 607 1147 dc
622 1086 725 1150 ciliciis
740 1087 816 1146 ritae
831 1084 1011 1164 consulebat,
1027 1104 1102 1148 sem·

62 1176 151 1245 lopcr
164 1169 203 1229 ita
215 1168 373 1230 recedebat
394 1179 424 1230 ut
445 1168 547 1230 melior
559 1170 663 1248 iaetus,
680 1179 710 1231 st
724 1177 786 1231 erat
801 1169 893 1232 lamus
909 1168 958 1230 vet
973 1187 1009 1230 eo
1025 1170 1102 1250 quod

99 1250 221 1314 audierat
247 1252 296 1313 vel
323 1253 399 1332 quod
419 1254 531 1314 omnino
553 1256 722 1334 quaesierat.
756 1252 840 1327 Quod
861 1253 910 1313 illc
931 1253 1127 1332 obsequium5

100 1334 251 1416 Seniano,
268 1339 450 1399 exactissimo
463 1339 542 1416 viro,
558 1337 712 1418 praestitit!
736 1355 822 1416 quem
835 1336 961 1415 legatum
973 1338 1100 1399 tribunus

96 1418 133 1478 ita
146 1428 176 1480 et
190 1420 333 1482 intellexit
347 1430 377 1482 ct
392 1423 470 1501 cepit
483 1432 514 1482 ut
525 1441 562 1483 ex
577 1420 722 1482 Geumuia
736 1423 764 1481 in
775 1420 944 1482 Pannonium
954 1430 1101 1482 transeun-

97 1509 153 1561 tem
164 1520 220 1564 non
237 1514 270 1566 ut
287 1504 440 1566 commilito
458 1506 510 1567 sed
526 1515 556 1567 ut
572 1523 669 1567 comes
685 1505 903 1584 adsectatorque
919 1513 1099 1585 sequeretur.

60 1585 89 1639 15
98 1584 157 1660 Qua
172 1587 328 1668 industria,
346 1607 400 1669 qua
418 1589 558 1652 modestia
572 1599 708 1670 quaestor
722 1589 887 1650 consulibus
905 1589 964 1650 suis
977 1589 1023 1668 (ct
1036 1587 1099 1668 plu·

96 1687 141 1742 ¹ras
155 1671 268 1754 babuit)
283 1691 340 1734 non
354 1676 445 1735 miuus
458 1674 598 1737 iucundus
614 1683 643 1735 et
653 1684 750 1752 gratus
765 1691 847 1753 quam
862 1673 938 1734 utilis
951 1671 1016 1733 fuit!
1035 1671 1100 1746 Quo

96 1753 242 1837 discursu,
268 1775 322 1837 qua
342 1757 502 1836 vigilantia,
523 1759 597 1820 banc
610 1759 700 1837 ipsam
715 1757 905 1836 aedilitatem,
921 1758 966 1817 cui
982 1775 1098 1835 praere·

95 1847 158 1915 ptus
179 1850 244 1920 est,
265 1841 361 1920 petiit!
384 1843 460 1922 quod
476 1842 524 1903 vel
544 1844 664 1904 maxime
687 1841 815 1903 dolorem
833 1859 927 1902 mcum
941 1840 1098 1901 exulcerat.

96 1919 291 1986 Obversantur
305 1924 396 1988 oeulis
413 1929 488 1988 cassi
503 1926 617 1988 labores
631 1934 660 1987 et
673 1926 866 1988 iniruotuosae
882 1942 986 2005 preces
1003 1933 1033 1985 et
1048 1925 1126 1992 bos

57 2011 145 2066 bonor
159 2026 246 2088 quern
264 2012 367 2071 meruit
382 2018 499 2071 tantum.
528 2009 614 2071 liedit
628 2011 721 2070 animo
736 2009 785 2070 ille
802 2009 876 2070 latus
892 2007 989 2069 olavus
1004 2007 1034 2066 ln
1048 2024 1099 2086 ps·

93 2091 203 2154 natibus
217 2093 294 2155 meis
307 2103 446 2174 sumptus,
458 2093 579 2154 redeunt
593 2092 642 2153 illa
655 2095 761 2172 prima,
781 2091 829 2153 illa
841 2100 986 2172 postrema
999 2090 1098 2151 sullra-

91 2176 136 2250 gia
154 2193 238 2257 mea,
257 2175 303 2237 illi
323 2195 486 2256 sermones,
510 2176 578 2238 illae
595 2176 828 2239 consultationes.
861 2174 988 2235 Adlicior
1001 2173 1122 2244 adole-t

92 2261 199 2322 scentia
213 2262 325 2342 ipsius,
346 2262 463 2324 adficior
478 2260 720 2323 necessitudinum
734 2278 813 2322 casu.
844 2259 913 2321 Erat
925 2257 968 2318 illi
984 2257 1098 2337 grandis

90 2351 153 2404 natu
167 2362 291 2424 pareus,
303 2355 363 2406 erat
379 2363 468 2425 uxor,
491 2363 574 2425 quam
588 2354 654 2406 aute
668 2363 768 2406 anunm
780 2345 920 2424 virginem
932 2352 1097 2423 acceperat,

54 2433 150 2487 iterat
166 2428 243 2508 illia,
267 2448 350 2508 quam
370 2429 455 2510 paulo
475 2440 540 2492 ante
558 2428 722 2492 sustulerat.
755 2428 810 2490 'lot
830 2445 918 2510 spes,
939 2437 983 2489 tot
997 2428 1099 2506 gundia

90 2508 150 2572 dics
164 2531 240 2574 unns
250 2515 282 2574 iu
293 2513 412 2576 adversa
424 2515 572 2576 convertit.
594 2512 681 2574 llodo
692 2513 856 2592 designatus
866 2511 979 2590 aedilis,
993 2523 1126 2582 recensa

88 2596 202 2659 maritus
212 2642 221 2675 ‚
230 2597 345 2659 'recens
361 2606 458 2676 pater,
476 2599 611 2659 intactum
624 2597 779 2676 honorem,
798 2597 896 2658 orbana
909 2603 1042 2673 matrem,
1056 2597 1098 2656 vl·

90 2675 170 2738 duam
183 2698 321 2760 uxorem,
339 2682 422 2742 liliam
433 2681 569 2762 pupillam
583 2683 708 2758 ignaram
723 2682 778 2759 avi,
794 2681 881 2761 patris
897 2679 1020 2759 reliquit.
1040 2678 1097 2740 Ac·

89 2763 164 2824 cedit
179 2763 310 2826 lacrimis
331 2768 403 2827 meis
426 2766 503 2846 quod
521 2767 626 2827 absens
650 2773 680 2826 et
702 2765 882 2845 inpendentis
902 2762 968 2822 mali
982 2763 1098 2824 nescius

53 2847 196 2922 toparirer
210 2865 344 2929 aegrum,
361 2852 467 2930 pariter
480 2850 647 2912 decessisse
662 2851 801 2928 cognovi,
818 2867 855 2909 nc
865 2847 1033 2927 gravissimo
1047 2845 1097 2907 do·

88 2926 140 2990 lori
157 2940 298 3014 tempore
321 2951 553 2997 consuescerem.
582 2934 615 2995 ln
636 2935 720 2995 tantis
742 2934 891 2996 tormentis
912 2947 1007 3010 crum,
1034 2947 1099 2992 curn

88 3015 250 3078 scriberem
272 3018 364 3097 baec,
385 3019 543 3081 scriberem
562 3017 640 3088 sola;
662 3035 758 3099 neque
780 3019 855 3080 enim
870 3034 945 3078 nunc
959 3015 1035 3077 aliud
1050 3023 1099 3076 sut

88 3099 219 3177 cogitare
233 3111 285 3162 aut
298 3101 376 3182 loqui
389 3120 518 3184 possum.
547 3102 629 3164 Vale.

48 3272 79 3328 ³5
535 3235 656 3300 XXIIII·

371 3338 400 3394 c.
419 3338 544 3391 ausurus
562 3337 694 3391 maxumo
712 3337 774 3390 suo
793 3336 820 3388 s.

146 3439 241 3500 Amor
262 3437 293 3499 in
308 3448 337 3501 te
358 3456 439 3501 meus
462 3442 557 3520 cogit,
584 3458 640 3501 non
663 3450 693 3502 ut
708 3441 882 3521 praecipiam
899 3439 1010 3519 (neque
1024 3437 1123 3502 eulml

86 3533 287 3604 praeceptore
306 3525 406 3604 eges),
424 3523 588 3587 admoneam
606 3535 717 3604 tamen,
737 3532 768 3584 ut
785 3542 858 3604 quae
879 3524 938 3584 scis
952 3531 1051 3583 tensas
1068 3529 1099 3581 et
