2604 3972
167 223 230 286 204
466 219 500 283 G.
521 219 618 282 PblNl
636 220 686 281 ET
707 220 865 282 TRAIANI

531 371 620 435 xvu.
644 373 798 453 [nunus]

389 474 416 527 O.
433 473 558 526 PLINIUS
576 475 718 527 TRAIANO
740 472 946 528 IMPERATORI.

144 613 160 668 1
232 595 312 655 Sicut
322 593 535 656 saluberrimam
549 595 769 673 navigationem,
784 594 909 672 domiue,
925 611 1016 673 usque
1026 571 1177 671 Ephesum

171 689 325 761 expertus,
341 680 380 740 ita
394 677 477 755 inde,
499 688 650 759 postquam
660 678 803 741 uehiculis
815 681 870 739 iter
884 678 983 739 iacere
995 677 1097 756 coepi,
1108 691 1201 754 gra-5

169 765 293 824 cissimis
308 763 435 824 aestibus
452 770 537 842 atque
555 765 638 824 etiam
655 762 804 826 febriculis
821 770 941 824 vexatus
961 760 1091 840 Pergami
1107 761 1176 820 sub-

144 848 236 918 ostiti.
267 846 393 924 Rursus,
415 863 479 908 cum
493 848 657 908 transissem
674 850 703 908 in
718 849 826 909 orarias
840 845 1004 922 naviculas,
1025 845 1176 904 contrariis

169 934 262 992 ventis
278 938 407 992 retentus
423 929 567 1010 aliquanto
583 931 689 994 tardius
705 949 787 1011 quam
801 948 999 1012 speraveram,
1015 929 1044 988 id
1062 937 1108 990 est
1121 927 1177 988 XV

170 1014 232 1075 lial.
249 1013 405 1092 Octobres,
423 1013 581 1089 bithyniam
595 1017 704 1076 intrari.
726 1014 791 1075 Non
804 1032 922 1095 possum
936 1022 1030 1073 tamen
1045 1012 1081 1073 ds
1096 1028 1178 1071 mora

170 1101 269 1178 queri,
289 1116 352 1159 cum
367 1097 434 1158 mibi
449 1100 617 1176 contigerit,
640 1099 717 1179 quod
731 1107 793 1160 erat
806 1099 1077 1178 auspicatissimum,
1098 1105 1224 1168 nata-10

144 1180 228 1252 alem
246 1193 324 1244 tuum
343 1183 372 1242 in
391 1184 539 1262 prouincia
558 1182 717 1247 celebrare.
748 1182 830 1244 Nunc
847 1185 889 1244 rei
903 1181 1037 1262 publicae
1054 1179 1176 1241 Prusen-

170 1268 244 1329 sium
258 1267 390 1348 inpendia
404 1265 513 1328 reditus
529 1267 675 1328 debitores
690 1269 819 1336 excutio;
834 1265 910 1345 quod
928 1283 965 1326 ex
977 1267 1042 1345 ipso
1056 1271 1178 1325 tractatu

171 1352 261 1429 magis
275 1369 310 1411 ac
325 1353 416 1428 magis
432 1353 629 1413 necessarium
643 1351 792 1430 intellego.
824 1348 931 1410 blultae
947 1352 1021 1410 enim
1035 1349 1178 1428 pecuniae

171 1436 257 1495 variis
275 1452 313 1495 cx
332 1437 426 1496 causis
445 1452 462 1495 a
477 1437 593 1513 privatis
609 1436 784 1497 detinentur:
808 1443 957 1513 praeterea
974 1432 1110 1513 quaedam
1127 1432 1178 1490 mi·
1288 1444 1289 1468 ³

147 1518 249 1587 anime
261 1516 397 1595 legitimis
409 1520 567 1597 sumptibus
579 1530 741 1598 erogantur.
764 1516 917 1596 Haectibi,
935 1517 1058 1594 domine,
1072 1518 1101 1577 in
1112 1516 1223 1594 ips015

174 1603 307 1679 ingressu
321 1617 387 1660 meo
404 1601 516 1680 scripsi.

397 1754 423 1804 c.
441 1718 567 1805 ruinius
582 1753 729 1805 unnunuo
747 1754 958 1806 incursuum.

237 1856 341 1932 Quinto
362 1856 474 1918 decimo
495 1855 637 1918 Kalendas
664 1855 822 1935 Octobres,
848 1856 977 1935 domino,
1006 1855 1180 1936 provinciam

174 1942 289 2018 intravi,
312 1958 395 2020 quam
416 1942 445 2000 in
461 1959 496 2002 eo
509 1941 666 2020 obsequio,
690 1942 718 2001 in
736 1959 769 2001 eu
785 1958 853 2018 erga
866 1950 896 2001 te
910 1939 965 2000 bde
981 1957 1063 2019 quam
1077 1938 1113 1998 de
1126 1956 1228 2016 ge-20

149 2040 243 2092 tuere
258 2025 378 2086 humano
392 2025 512 2086 mereris
527 2026 631 2085 inveni.
651 2025 783 2104 Dispice,
799 2024 923 2102 domine,
937 2041 972 2084 an
986 2024 1180 2085 necessarium

174 2118 258 2189 putes
279 2110 390 2170 mittere
411 2109 467 2170 buc
484 2126 656 2170 mensorem.
689 2108 828 2170 Videntur
848 2109 923 2169 enim
943 2124 1000 2168 non
1018 2107 1180 2167 mediocres

175 2195 313 2271 pecuniae
336 2208 425 2271 posse
445 2195 576 2253 revocari
592 2211 609 2254 a
627 2194 805 2254 curatoribus
823 2209 957 2271 operum,
981 2193 1006 2253 si
1028 2208 1181 2253 mensuras

175 2276 298 2337 fideliter
318 2284 447 2354 aguntur.
482 2274 525 2336 lta
545 2286 625 2337 certe
645 2278 794 2356 prospicio
811 2293 847 2338 ex
860 2278 971 2336 rationo
986 2275 1181 2352 Prusensium,

176 2377 260 2437 quam
275 2377 337 2418 cum
353 2360 471 2418 mamma
487 2367 588 2418 tracto.
1188 2379 1226 2431 25

532 2507 637 2569 xvuu.
653 2507 822 2590 [xxvuuup

512 2604 674 2657 TRAIANUS
693 2605 798 2658 PLINIO
818 2606 844 2658 S.

149 2736 164 2788 1
237 2722 380 2806 Cuperem
394 2727 457 2788 sine
472 2725 601 2805 querella
620 2725 785 2804 corpusculi
800 2725 841 2785 tui
855 2735 885 2786 et
900 2735 1012 2786 tuorum
1028 2727 1182 2804 pervenire

176 2810 205 2868 in
222 2808 379 2885 Bithyniam
398 2812 545 2889 potuisses
564 2828 599 2870 ac
620 2808 712 2869 simile
733 2810 783 2870 tibi
805 2809 862 2868 iter
875 2809 910 2868 ab
926 2808 1045 2888 Epheso
1061 2818 1091 2869 ut
1105 2811 1229 2884 navi-30

150 2895 283 2971 agnationi
298 2892 411 2972 fuisset,
430 2910 513 2973 quam
528 2901 664 2972 expertus
678 2911 771 2973 usquc
785 2891 836 2954 illo
852 2911 924 2955 cras.
948 2892 1013 2967 Quo
1027 2902 1121 2954 autem
1136 2893 1184 2954 die
1270 2937 1277 2974 ,

177 2978 363 3055 pervenisses
377 2978 406 3036 in
422 2976 581 3052 Bithyniam
597 2979 733 3055 cognovi,
750 2976 882 3039 Secunde
899 2979 1061 3053 carissime,
1079 2976 1183 3038 litteris

176 3060 242 3120 tuis.
275 3058 486 3139 Provinciales,
514 3059 618 3138 credo,
635 3071 821 3142 prospectum
837 3062 893 3123 sibi
908 3079 924 3121 a
939 3078 985 3122 me
1001 3059 1182 3139 intellegent.

176 3141 247 3203 llam
268 3151 299 3204 et
319 3151 349 3203 tu
371 3142 451 3204 dabis
472 3161 590 3222 operam
612 3155 643 3206 ut
664 3144 845 3206 manifestum
866 3147 903 3206 sit
924 3143 981 3206 illis
1007 3144 1132 3205 electum
1152 3153 1183 3204 te

149 3235 260 3301 desso,
288 3228 336 3305 qui
350 3225 386 3288 ad
405 3227 525 3288 eosdem
541 3229 598 3289 mei
617 3227 685 3290 loco
699 3230 861 3290 mittereris.
891 3227 1029 3290 Rationes
1044 3237 1140 3289 antem
1154 3229 1228 3292 ines

176 3311 276 3389 primis
292 3311 342 3372 tibi
361 3328 457 3371 rerum
481 3313 656 3392 publicarum
677 3313 864 3374 excutiendae
884 3320 962 3374 sunt:
983 3329 1047 3373 nam
1065 3319 1094 3371 et
1115 3328 1184 3373 esse

102 3405 105 3414 ’
177 3410 227 3454 eas
250 3403 366 3456 nemias
388 3397 457 3457 satis
483 3405 602 3458 constat.
641 3395 791 3458 blensores
812 3396 861 3457 rix
882 3397 966 3457 etiam
985 3398 1021 3458 iis
1044 3396 1183 3474 operibus

177 3495 251 3558 quae
267 3487 314 3539 aut
326 3477 434 3540 Romae
449 3488 496 3540 aut
516 3483 544 3541 in
565 3481 696 3561 proximo
718 3480 786 3540 liunt
807 3479 983 3542 sufficienter
998 3480 1107 3540 habeo:
1131 3478 1184 3542 sed
