2580 3978
585 277 616 338 0.
639 277 736 337 PLlNl

643 429 677 489 V,

433 543 463 597 C.
480 543 605 595 PLINIUS
622 543 769 596 LUPERGO
787 544 847 596 SUO
861 542 888 596 S.

223 683 373 744 Actionem
388 691 417 743 et
428 700 445 742 a
459 691 488 742 te
499 681 665 761 frequenter
679 681 860 760 efflagitatam
872 691 902 742 et
913 700 929 742 a
940 702 986 743 me
998 701 1086 760 saepe
1098 701 1190 762 pro-1

137 766 273 830 5missam
287 766 402 828 exhibui
420 766 486 842 tibi,
509 764 631 826 nondum
648 775 741 826 tamen
761 775 864 826 totam:
893 765 985 833 adhuc
1006 769 1080 828 enim
1098 785 1165 848 pars

160 855 222 913 eius
237 849 405 932 perpolitnr.
434 846 550 910 Interim
568 868 640 928 quae
653 848 826 910 absolutiora
845 849 912 909 mihi
926 849 1094 912 videbantur
1107 865 1190 918 nona

159 936 212 997 fuit
224 935 347 996 alienum
360 933 464 994 iudicio
480 943 529 994 tuo
544 933 625 993 tradi.
646 932 696 994 His
707 943 737 994 tu
752 950 824 1010 rogo
839 935 1024 994 intentionem
1036 935 1165 996 seriben-

159 1022 195 1081 tis
210 1018 420 1080 accommodes.
441 1014 521 1076 Nihil·
534 1019 608 1077 enim
622 1017 714 1078 adhuc
728 1019 802 1076 inter
815 1034 913 1078 manus
924 1016 1009 1077 habui
1022 1019 1067 1078 cui
1077 1021 1165 1080 maio·

158 1122 219 1164 rem
234 1102 453 1164 sollicitudinem
466 1110 613 1181 praestare
629 1100 774 1161 deberem.
797 1098 867 1160 Nam
881 1103 909 1161 in
925 1102 1032 1164 ceteris
1047 1105 1189 1168 actioni-3

118 1203 151 1255 10
160 1188 213 1248 bus
231 1188 430 1248 existimationi
446 1185 589 1245 hominum
607 1184 752 1262 diligentia
766 1193 872 1244 tantum
886 1193 915 1246 et
930 1184 1001 1246 fides
1013 1194 1119 1264 nostra,
1135 1188 1165 1247 in

158 1271 212 1332 hac
231 1273 315 1332 etiam
332 1272 424 1349 pietas
443 1270 608 1329 subicietur.
635 1266 704 1328 lude
720 1277 750 1328 et
765 1266 839 1329 liber
853 1269 960 1346 crevit,
982 1268 1048 1328 dum
1063 1281 1164 1330 ornare

159 1357 276 1434 patriam
297 1363 326 1414 et
347 1353 519 1433 amplificare
540 1353 714 1430 gaudemus,
741 1353 849 1431 pariter
870 1362 899 1412 et
920 1351 1080 1414 defensioni
1101 1356 1164 1415 eius

158 1441 297 1500 servimus
319 1448 348 1498 et
368 1437 486 1516 gloriae.
522 1435 564 1495 Tu
578 1445 672 1496 tamen
685 1436 758 1497 haec
773 1437 847 1513 ipsa,
864 1445 996 1514 quantum
1009 1439 1080 1498 ratio
1096 1451 1190 1502 exe-4

158 1524 248 1600 gerit,
266 1538 379 1582 reseca.
411 1519 550 1594 Quotiens
566 1521 641 1580 enim
655 1519 691 1579 ad
704 1519 846 1580 fastidium
860 1518 1015 1597 legentium
1031 1519 1168 1583 delicias·'

117 1623 213 1684 15que
228 1605 371 1684 respicio,
391 1602 530 1681 intellego
545 1603 628 1663 nobis
644 1603 915 1664 commendationem
930 1613 959 1664 et
974 1623 1011 1664 ex
1026 1606 1089 1684 ipsa
1103 1623 1163 1665 me·

157 1689 306 1749 diocritate
321 1688 386 1749 libri
400 1687 560 1768 petendam.
589 1685 668 1747 ldem
682 1696 774 1747 tamen
791 1688 839 1766 qui
851 1704 869 1746 a
882 1695 911 1746 te
929 1687 1001 1749 hanc
1016 1691 1188 1752 austeritas

156 1783 215 1834 tem
231 1773 317 1849 exigo
333 1790 423 1850 cogor
437 1770 465 1832 id
483 1771 559 1851 quod
576 1771 719 1832 diversum
734 1779 779 1832 est
794 1769 957 1850 postulare,
974 1782 1004 1832 ut
1018 1774 1046 1831 in
1059 1771 1163 1852 pleris-

158 1875 214 1934 que
229 1857 351 1916 frontem
364 1857 500 1916 remittas.
522 1855 593 1916 Sunt
607 1856 681 1916 enim
698 1853 835 1932 quaedam
849 1853 1075 1916 adulescentium
1090 1859 1163 1916 auri-

157 1940 211 2001 bus
227 1938 332 2018 dande,
354 1941 523 2018 praesertim
538 1941 563 1999 si
582 1940 699 1999 materia
712 1956 769 1998 non
782 1937 959 2016 refragetur:
974 1958 1037 1999 nam
1053 1939 1162 2002 descri-

114 2026 270 2104 qqptiones
289 2023 435 2103 locorum,
455 2025 575 2101 quaein
597 2022 653 2083 hoc
667 2021 740 2082 libro
756 2022 968 2100 frequentiores
985 2033 1085 2102 erunt,
1104 2042 1162 2086 non

156 2110 292 2171 historice
306 2117 411 2169 tantum
425 2107 478 2169 sed
494 2125 586 2188 prope
598 2109 716 2187 poetice
730 2108 868 2185 prosequi
883 2106 927 2167 fas
942 2117 997 2168 est.
1020 2106 1105 2181 Quod
1119 2115 1186 2170 tlt-6

156 2211 221 2253 men
241 2194 266 2253 si
287 2195 350 2273 quis
370 2195 496 2254 extiterit
517 2194 564 2271 qui
581 2200 662 2271 putet
678 2209 731 2251 nos
753 2189 854 2251 laetius
876 2190 985 2252 fecisse
1002 2209 1084 2270 quam
1099 2209 1162 2252 ora·

155 2279 240 2337 tionis
257 2279 396 2338 severitas
413 2278 519 2353 exigat,
535 2275 630 2353 huius,
645 2283 675 2333 ut
685 2277 723 2334 ita
738 2273 866 2351 dixerim,
882 2275 1021 2336 tristitiam
1032 2275 1161 2355 reliquae

155 2370 252 2438 partes
266 2361 387 2420 actionis
403 2376 522 2419 exorare
537 2358 690 2419 debebunt.
713 2356 812 2419 Adnisi
824 2368 904 2418 certe
915 2378 1012 2420 sumus
1024 2369 1054 2420 ut
1065 2378 1160 2439 quam

113 2442 227 2513 mlibet
240 2443 354 2504 diversa
367 2460 475 2521 genera
488 2441 628 2502 lectorum
642 2459 696 2521 per
709 2440 807 2520 plures
823 2441 935 2502 dicendi
950 2445 1067 2522 speeies
1078 2453 1160 2504 tene·

155 2545 268 2606 remus,
290 2543 325 2588 ac
344 2529 419 2588 sicut
432 2544 565 2587 veremur
577 2545 614 2586 ne
630 2525 797 2605 quibusdam
811 2544 877 2605 pars
891 2525 985 2605 aliqua
1001 2528 1183 2592 secundum'i

155 2629 233 2673 suom
248 2612 386 2689 cuiusque
401 2619 526 2672 naturam
540 2628 597 2672 non
611 2611 765 2689 probetur,
786 2611 825 2669 ita
844 2610 974 2670 videmur
986 2628 1076 2690 posse
1090 2628 1158 2671 con-

155 2694 244 2756 fidere
257 2704 288 2756 ut
298 2696 509 2756 universitatem
520 2696 648 2755 omnibus
662 2695 785 2755 varietas
800 2695 863 2771 ipsa
879 2695 1066 2756 commendet.
1086 2693 1185 2760 Namss

155 2789 185 2840 et
199 2781 228 2839 in
242 2780 352 2841 ratione
374 2780 585 2857 conviviorum,
609 2779 736 2856 mauvis
756 2795 772 2836 a
793 2777 941 2857 plerisque
960 2780 1031 2840 cibis
1053 2779 1158 2857 singuli

111 2873 362 2941 adtemperemus,
377 2871 465 2922 totam
478 2871 572 2924 tamen
589 2879 687 2923 cenam
700 2860 814 2921 laudare
827 2879 926 2924 omnes
940 2863 1084 2941 solemus,
1101 2882 1179 2930 nec,

154 2963 276 3025 eaquae
291 2946 453 3009 stomachus
467 2957 566 3008 noster
582 2953 698 3006 recusat
712 2944 836 3006 adimunt
849 2949 966 3024 gratiam
982 2945 1038 3008 illis
1054 2948 1157 3025 quibus

155 3032 272 3109 capitur.
302 3028 397 3108 Atque
412 3029 486 3090 haec
503 3047 559 3109 ego
574 3032 617 3091 sic
630 3029 723 3107 accipi
737 3026 821 3108 volo,
842 3048 899 3090 uon
919 3041 1058 3110 tamquam
1072 3030 1181 3096 adse-9

154 3123 249 3174 cutum
268 3132 314 3175 me
333 3131 401 3175 esse
421 3112 551 3193 credam,
576 3114 629 3175 sed
647 3123 787 3190 tamquam
811 3113 929 3192 adsequi
953 3113 1156 3176 laboraverim:

153 3197 276 3262 fortasse
291 3215 347 3259 non
358 3198 477 3266 imstra;
497 3200 521 3258 si
532 3198 617 3260 modo
626 3208 656 3260 tn
673 3214 768 3258 curam
782 3207 856 3259 tuam
870 3198 1031 3261 admoveris
1045 3200 1157 3259 interim

111 3287 145 3343 ιι
152 3283 226 3358 istis,
241 3300 308 3342 mox
323 3284 358 3343 iis
373 3300 445 3362 quae
458 3292 603 3344 secuntur.
629 3281 719 3342 Dices
733 3292 764 3343 te
777 3300 834 3343 non
847 3300 937 3362 posse
952 3285 1020 3346 satis
1034 3282 1154 3360 diligen·
1166 3295 1201 3347 lo

153 3374 199 3424 ter
212 3365 241 3424 id
254 3366 363 3443 facere,
378 3367 432 3427 nisi
447 3368 526 3446 prins
538 3377 625 3428 totam
635 3369 776 3427 actionem
789 3369 970 3444 cognoveris.
992 3365 1111 3428 Fateor:
1126 3369 1156 3426 in

153 3450 315 3526 praesentia
335 3459 428 3510 tamen
448 3459 477 3511 et
498 3452 552 3512 ista
570 3451 621 3512 tibi
642 3449 819 3510 familiariora
834 3451 901 3512 frent
921 3461 950 3511 et
965 3451 1101 3528 quaedam
1116 3469 1156 3510 ex

153 3531 196 3592 his
209 3530 275 3592 talia
290 3543 371 3594 erunt
387 3543 418 3594 ut
436 3551 490 3613 per
501 3545 598 3615 partes
611 3533 754 3595 emendari
768 3537 888 3614 possint.
908 3533 1022 3596 Etenim
1036 3535 1060 3595 si
1075 3533 1155 3593 avol·
1164 3545 1198 3599 11
