2580 3970
187 248 251 311 290
560 308 564 318 ,
613 247 646 308 (l.
666 247 763 308 PblNl

188 421 240 484 par
256 402 385 480 capiendi
401 400 613 481 quaerendique
633 400 721 460 sudor
737 417 919 480 summusque
935 411 964 462 et
978 402 1051 462 idem
1066 403 1197 481 gratissi·
1270 439 1271 484 p

189 505 251 548 mus
265 485 346 546 labor
361 487 499 546 invenire.
522 484 693 563 Enimvero,
710 485 734 546 si
751 485 861 565 quando
876 485 983 565 placuit
997 485 1072 546 idem
1087 503 1194 566 corpo·
1270 503 1271 568 p

188 573 228 632 ris
248 570 336 630 robur
356 571 385 629 in
404 569 489 628 maria
508 569 657 648 prolerre,
673 586 730 629 non
744 567 794 629 ille
811 569 948 630 fluitantia
961 568 1027 630 vela
1038 580 1086 630 aut
1102 570 1196 632 oculis
1270 575 1271 634 i

190 656 319 734 sequitur
338 663 386 714 aut
405 653 550 731 manibus,
577 652 631 713 sed
650 671 725 713 nuno
745 652 947 731 gubernaculis
964 652 1091 732 adsidet,
1118 673 1196 714 nnnc
1270 645 1271 654 ¹

191 757 254 799 cum
264 737 459 798 valentissimo
472 753 586 814 quoqne
603 735 740 797 sodalium
756 745 845 797 certat
859 737 992 814 frangere
1011 736 1128 814 ductus,
1145 737 1225 798 do-5

190 825 287 883 mitare
306 829 409 882 ventos
430 819 606 881 reluctantes
621 822 764 899 remisque
777 820 934 881 transsilire
951 821 1091 881 obstantia
1105 821 1194 882 treta:
1270 843 1271 900 q

139 918 179 980 82
192 915 324 986 quantum
345 903 489 964 dissimilis
509 903 551 963 illi
572 905 620 982 qui
640 921 697 964 non
717 903 818 963 Albani
838 903 918 964 lacus
938 906 1025 964 otium
1039 903 1195 984 Baianique
1270 915 1271 994 p

190 1000 335 1068 torporem
357 998 385 1047 et
404 988 547 1048 silentium
564 987 657 1065 ferre,
681 1005 737 1048 non
753 987 866 1066 pulsum
880 987 981 1048 saltem
992 987 1195 1066 fragoremque

187 1090 329 1134 remorum
344 1073 456 1150 perpeti
471 1080 585 1150 poterat
597 1073 663 1150 quin
675 1072 709 1132 ad
723 1070 851 1148 singulos
866 1073 940 1133 ictus
954 1073 1029 1151 turpi
1042 1071 1196 1133 formidine
1270 1131 1271 1166 ,

189 1154 388 1217 horresceret!
416 1154 516 1234 ltaque
531 1154 633 1234 procul
648 1156 684 1215 ab
699 1156 774 1215 omni
790 1172 862 1216 sono
876 1157 1065 1217 inconcussus
1081 1157 1146 1235 ipse
1163 1165 1195 1215 et
1206 1167 1239 1219 lo

188 1243 328 1315 inmotus,
343 1237 466 1316 religato
482 1240 669 1316 reductoque
683 1239 813 1316 navigio,
830 1256 886 1299 non
900 1256 987 1300 secus
1002 1257 1036 1298 ao
1050 1238 1196 1318 piaculum

189 1323 304 1402 aliquod
318 1321 490 1382 trahebatur.
511 1321 608 1382 Foeda
622 1322 729 1401 facies,
746 1339 810 1383 cum
825 1323 925 1403 populi
940 1322 1057 1382 llomani
1071 1325 1196 1401 impera·

188 1417 235 1468 tor
255 1408 376 1467 alienum
397 1424 510 1466 cursum
530 1404 710 1488 alienumque
726 1415 887 1482 rectorem,
912 1406 993 1466 volut
1010 1414 1093 1484 capta
1106 1425 1192 1484 nare,
1270 1383 1271 1466 l

190 1499 370 1568 sequeretur.
398 1488 461 1550 Nec
481 1488 661 1552 deformitate
676 1491 730 1550 ista
745 1489 846 1550 saltem
861 1489 974 1550 domina
987 1491 1137 1560 carebant;
1151 1499 1195 1550 at·
1270 1487 1271 1566 l

190 1592 246 1652 que
265 1575 348 1633 etiam
367 1573 513 1634 Danubius
530 1591 565 1634 ac
578 1573 695 1635 Rhenus
717 1582 822 1636 tantum
840 1573 910 1634 illud
929 1576 1019 1635 nostri
1041 1573 1193 1637 dedecoris
1206 1582 1237 1636 15
1270 1585 1271 1590 ’

188 1657 296 1718 vehere
309 1656 485 1735 gaudebant,
499 1675 555 1716 non
566 1658 674 1717 minore
688 1675 751 1717 cnm
763 1657 874 1736 pudore
886 1659 1013 1736 imperii,
1030 1657 1106 1737 quod
1119 1657 1194 1718 baec

188 1741 331 1801 Romanae
345 1740 475 1820 aquilae,
490 1740 615 1800 Romana
629 1741 726 1818 signa,
739 1741 865 1803 Romana
876 1740 999 1821 denique
1016 1744 1092 1821 ripa,
1108 1759 1194 1820 quam

189 1824 266 1905 quod
279 1825 403 1886 hostium
417 1833 634 1903 prospectaret,
655 1824 793 1902 hostium,
810 1826 912 1902 quibus
927 1826 1014 1885 moris
1032 1834 1077 1886 est
1092 1825 1194 1885 eadem

188 1909 236 1970 illa
252 1927 327 1969 nunc
338 1910 457 1986 rigentia
471 1907 540 1986 gelu
555 1907 667 1969 tlumina
681 1918 728 1969 aut
741 1910 847 1988 campis
862 1910 1013 1988 superfuso
1023 1927 1098 1970 nunc
1109 1907 1193 1987 liqui·
1270 1975 1271 1992 ,

189 1992 223 2052 da
238 2011 272 2054 ac
289 1991 446 2054 deferentia
457 1991 579 2054 lustrare
589 1993 707 2070 navigiis
719 1992 870 2072 nandoque
880 2011 1027 2072 superare.
1046 1991 1109 2054 Nec
1121 2001 1238 2055 verano
1270 1997 1271 2054 l

188 2076 360 2138 laudaverim
376 2095 430 2155 per
449 2095 481 2136 se
501 2093 604 2153 magno
621 2093 710 2156 opere
727 2076 855 2138 duritiam
870 2079 999 2156 eorporis
1014 2095 1048 2138 ac
1068 2076 1193 2137 lacerto-
1270 2055 1271 2142 l

188 2178 263 2220 rum:
283 2159 335 2220 sed
357 2161 381 2221 si
395 2159 440 2218 lris
453 2159 574 2220 validior
587 2169 649 2220 toto
665 2177 790 2239 corpore
804 2163 912 2222 animus
929 2161 1091 2239 imperitet,
1107 2178 1193 2239 quem
1270 2149 1271 2170 ¹

188 2261 245 2304 non
259 2244 391 2304 fortunae
405 2241 579 2321 indulgentia
592 2243 716 2321 molliat,
731 2261 788 2304 non
801 2245 903 2324 copiae
914 2243 1089 2322 principales
1100 2245 1136 2305 ad
1145 2263 1193 2304 se·

188 2329 305 2405 gnitiem
325 2326 480 2406 luxumque
500 2326 703 2407 detorqueant,
729 2336 796 2388 tnnc
812 2345 885 2406 ego,
915 2347 968 2389 seu
982 2329 1125 2388 montibus
1139 2345 1193 2388 sen

187 2411 256 2469 mari
273 2418 456 2486 exerceatur,
479 2419 510 2470 et
523 2410 628 2470 laetum
643 2428 732 2490 opere
747 2429 853 2490 corpus
871 2421 901 2473 et
915 2413 1075 2472 crescentia
1088 2411 1235 2472 labori-25
1270 2455 1271 2460 η

188 2494 241 2554 bus
262 2493 387 2553 membra
403 2493 534 2553 mirabor.
566 2492 657 2553 Video
672 2495 746 2554 enim
762 2496 817 2556 iam
829 2495 895 2556 inde
908 2497 1060 2574 antiquitus
1076 2495 1191 2555 maritos

188 2576 302 2638 dearum
322 2595 357 2638 ac
378 2576 496 2636 deorum
509 2575 618 2638 liberos
704 2595 759 2638 nec
775 2578 911 2657 dignitate
928 2581 1087 2658 nuptiarum
1101 2579 1192 2655 magis

188 2679 271 2741 quarn
285 2659 329 2720 bis
343 2660 449 2723 artibus
463 2660 642 2724 inclaruisse.
661 2661 749 2722 Simul
766 2665 874 2741 cogito,
891 2680 955 2722 cnm
970 2664 1024 2723 sint
1039 2665 1093 2723 ista
1107 2661 1193 2722 ludus

187 2755 217 2807 ct
231 2755 445 2807 avocamentum
463 2745 563 2822 buius,
654 2745 721 2807 illae
736 2747 828 2807 seriae
848 2756 877 2808 ct
890 2748 1032 2823 intentae,
1056 2755 1115 2806 eta
1131 2746 1193 2823 qni-
1270 2793 1271 2796 ,

187 2831 241 2890 bns
255 2848 288 2890 se
303 2831 331 2888 in
343 2828 400 2891 tale
413 2832 500 2891 otium
513 2832 624 2909 recipit.
647 2829 817 2909 Voluptates
831 2840 896 2892 sunt
911 2831 1000 2908 enim,
1015 2829 1191 2909 voluptates,
1201 2841 1237 2894 30
1270 2813 1271 2874 l

188 2914 290 2992 quibos
304 2916 410 2991 optime
425 2913 460 2974 de
470 2916 608 2993 cuiusque
620 2916 759 2992 gravitate
772 2915 922 2975 sanctitate
934 2915 1191 2993 temperantiacre·

188 2997 269 3058 ditur.
293 2994 363 3055 Nam
380 2999 444 3076 quis
459 2998 532 3059 adeo
548 2997 704 3059 dissolutus
720 2999 799 3058 cuins
814 3013 872 3058 non
888 2997 1127 3076 occupationibus
1140 2995 1192 3056 ali-

188 3099 242 3164 qua
257 3081 373 3159 species
389 3076 548 3143 sevelitatis
564 3076 703 3143 insideat?
719 3081 783 3141 0tio
796 3083 950 3160 prodimur.
972 3082 1016 3141 An
1029 3099 1087 3142 non
1103 3079 1191 3159 pleri·

187 3183 243 3246 qne
258 3164 404 3244 principes
422 3164 479 3226 boo
493 3165 568 3226 idem
584 3172 697 3244 tempus
717 3168 746 3224 in
761 3164 852 3226 aleam
867 3175 964 3245 stupra
978 3164 1077 3225 luxum
1092 3163 1191 3224 conle-

186 3249 303 3326 rebant,
334 3266 397 3308 cum
423 3251 559 3309 seriarum
586 3248 744 3310 laxamenta
770 3267 899 3312 ouramm
919 3251 1052 3310 vitiorum
1072 3256 1235 3310 conten-35

135 3335 176 3398 83
188 3333 266 3393 tione
281 3329 469 3412 supplerent?
490 3332 583 3394 llabet
596 3332 651 3394 boc
666 3335 784 3414 primum
794 3351 894 3412 magna
906 3334 1017 3396 fortuna
1031 3332 1106 3411 quod
1120 3329 1189 3390 nihil

186 3425 310 3494 tectum,
325 3415 394 3476 nihil
409 3416 553 3478 occultum
563 3436 631 3479 esse
642 3420 761 3496 potitur:
777 3420 936 3497 principum
948 3435 1018 3478 vero
1034 3433 1090 3477 non
1104 3413 1191 3474 modo

187 3500 287 3561 domos
305 3499 357 3560 sed
380 3498 509 3562 cubicula
524 3502 588 3579 ipsa
603 3502 774 3581 intimosque
794 3519 930 3563 secessus
946 3499 1069 3562 recludit
1085 3498 1190 3560 omnia·
