2604 3972
189 253 253 315 ‘222
491 246 524 309 0.
545 245 642 308 PbINI
662 246 712 308 ΕΤ
735 245 892 308 TRAIANI

163 406 334 482 berigerum.
366 398 446 463 Ilaec
465 402 495 461 in
515 402 642 463 notitiam
654 408 730 460 tuam
743 395 915 477 perferenda
930 396 1104 474 existimavi,
1129 397 1200 474 quia

189 489 318 568 proxime
337 487 509 566 scripseram
522 487 634 564 petisse
653 481 820 559 Lycormam
837 489 868 541 ut
888 479 1078 558 legationem,
1098 480 1199 558 siqua
1288 541 1289 572 ,

189 573 318 633 venisset
332 589 348 632 a
362 570 506 648 Bosporo,
521 587 614 648 usqua
629 569 657 628 in
671 566 823 629 adventum
832 582 913 625 suum
923 565 1087 624 retinerem.
1108 561 1198 636 Quod

189 656 292 716 diutius
307 652 430 715 faciendi
448 651 525 714 nulla
539 653 607 712 mibi
620 648 778 732 probabilis
790 649 861 710 ratIo
876 649 1012 725 occurrit,
1025 648 1198 725 pracsertim
1288 719 1289 728 ἵ

191 758 254 800 cum
266 737 406 819 epistulae
419 736 575 813 Lycormae
583 761 595 814 ,·
608 753 678 816 quas
694 735 841 812 detinere,
854 742 885 793 ut
898 739 964 793 ante
981 729 1129 812 praedixi,
1143 737 1219 792 rac-5
1288 741 1289 772 t

189 823 241 902 lui,
252 822 361 903 aliquot
375 821 476 883 dicbtm
489 819 566 880 bunc
580 819 706 898 legatum
720 827 923 880 antecessurae
934 815 1108 877 viderentur.
1288 821 1289 830 ’

545 952 671 1016 nxvur.
690 949 838 1032 panum]

418 1055 445 1108 G.
461 1055 587 1108 PLINIUS
604 1052 749 1105 TRAIANO
763 1049 972 1102 IMPERATORI.

254 1159 421 1222 Petentibus
435 1160 602 1240 quibusdam
615 1169 646 1219 ut
662 1157 717 1220 sibi
729 1155 865 1234 reliquIas
884 1170 1000 1216 suorum
1013 1160 1060 1214 aut
1074 1159 1197 1230 propter
1204 1161 1238 1214 10

190 1245 318 1305 iniuriam
339 1246 490 1306 vetustatis
510 1253 559 1305 aut
577 1251 697 1323 propter
716 1240 837 1301 fluminis
856 1240 998 1300 incursum
1017 1235 1129 1316 quue
1149 1233 1195 1295 bis
1288 1259 1289 1322 t

191 1327 292 1390 similia
306 1346 501 1408 quaecumque
520 1327 676 1390 secundum
697 1322 858 1403 exemplum
877 1319 1082 1401 proconsulum
1102 1329 1195 1380 traus-
1288 1333 1289 1344 ¹

191 1411 269 1472 ferre
289 1414 502 1492 permitterem,
526 1414 591 1492 quia
611 1410 738 1474 sciebam
756 1409 785 1468 in
804 1406 875 1468 urbe
889 1415 987 1468 nostra
1001 1425 1039 1468 ex
1055 1400 1195 1467 eiusmodi

194 1513 281 1556 causa
298 1495 452 1573 collegium
467 1496 631 1576 pontificum
644 1495 714 1556 adiri
727 1490 835 1569 solere,
850 1500 890 1567 te,
905 1490 1029 1568 domine,
1045 1490 1195 1550 maximum

192 1579 357 1658 pontificem
375 1579 579 1641 consulendum
595 1579 690 1660 putavi
705 1576 773 1656 quid
788 1576 944 1637 observare
957 1592 1004 1635 me
1015 1571 1101 1635 velis.
1203 1583 1238 1637 15

544 1709 682 1774 uxvmr.
697 1707 845 1789 [namu]

524 1809 688 1864 TRAIANUS
704 1809 809 1862 PLINIO
829 1809 856 1861 S.

253 1913 360 1974 Durum
372 1923 418 1975 est
428 1915 576 1992 iniungere
586 1915 788 1977 necessitatem
797 1910 1018 1993 provincialibus
1030 1911 1196 1991 pontilicum

190 1996 395 2076 obeundorum,
412 2000 437 2060 si
450 1997 586 2078 reliquias
604 2016 719 2060 suorum
730 2006 850 2077 propter
862 1994 972 2075 aliquas
986 1996 1075 2057 iustas
1092 2006 1239 2060 causasto

190 2080 346 2144 transferre
362 2100 399 2142 ex
412 2080 479 2144 Ioco
498 2083 527 2142 in
547 2083 630 2144 alium
646 2082 741 2142 locum
756 2081 854 2142 velint.
887 2079 1039 2158 Sequenda
1053 2093 1124 2156 ergo
1140 2095 1194 2158 po·

192 2168 247 2226 tius
263 2166 314 2226 tibi
333 2166 466 2243 exempla
486 2176 551 2227 sunt
569 2184 669 2227 eorum
690 2167 738 2246 qui
757 2166 804 2226 isti
823 2165 988 2244 provinciae
1008 2161 1193 2243 praeiuenmt

192 2258 222 2312 et
235 2268 274 2311 ex
289 2266 373 2311 causa
388 2252 491 2329 cuique
507 2251 546 2310 ita
560 2259 607 2311 aut
622 2249 840 2329 permittendum
855 2258 902 2309 aut
917 2246 1087 2325 negandum.

571 2381 658 2442 cxx.
679 2382 812 2460 [axau]
1201 2428 1237 2481 ,5

415 2479 442 2531 G.
457 2479 583 2532 PLINIUS
600 2479 746 2530 TRAIANO
760 2479 969 2534 IMPERATORI.

169 2596 185 2648 1
255 2583 410 2657 Quaerenti
423 2584 506 2663 milri,
524 2583 648 2662 domine,
665 2582 771 2646 Prusae
786 2584 834 2644 ubi
848 2593 949 2664 posset
961 2581 1102 2644 balineum
1117 2580 1195 2662 qnod

193 2666 335 2732 indulsisti
349 2669 427 2748 ilari,
447 2667 556 2750 placuit
571 2666 653 2730 locus
669 2669 700 2729 in
718 2686 775 2748 quo
790 2667 843 2728 fuit
857 2667 1008 2748 aliquando
1023 2668 1140 2744 domus,
1164 2675 1195 2726 ut

191 2753 286 2831 audio,
302 2752 431 2833 pulchra,
445 2771 520 2814 nunc
535 2752 670 2813 deformis
684 2755 781 2813 ruinis.
805 2751 861 2812 Per
870 2750 927 2813 boc
943 2753 1017 2812 enim
1032 2768 1193 2830 conseque·

191 2855 254 2898 mur
266 2847 297 2897 ut
317 2837 481 2898 foedissima
501 2835 590 2897 iacies
611 2838 731 2898 civitatis
754 2845 870 2896 ornetur
887 2845 972 2915 atque
988 2836 1072 2897 etiam
1085 2843 1118 2896 ut
1132 2836 1238 2914 ipsaao

192 2921 291 2980 civitas
309 2919 459 2998 amplietur
476 2937 532 2980 nec
552 2918 610 2979 ulla
630 2919 759 2982 aedificia
777 2918 927 2998 tollantur,
947 2919 1018 2997 sed,
1039 2925 1194 2998 quaesunt

164 3012 333 3066 bretustate
348 3001 493 3081 sublapsa,
507 3001 671 3065 relaxentur
684 3005 713 3064 in
726 3001 840 3064 melius.
871 3000 924 3065 Iist
937 3011 1029 3064 autem
1043 3002 1127 3063 buius
1142 3001 1193 3062 do·

190 3105 253 3149 mus
270 3086 394 3148 conditio
409 3085 488 3147 talis:
511 3085 657 3165 legaverat
672 3105 734 3149 eam
749 3085 882 3149 Claudius
896 3084 1056 3162 Polyaenus
1073 3069 1194 3147 Glaubio
1288 3087 1289 3104 ²

193 3169 309 3232 Caesari
328 3171 469 3249 iussitque
490 3171 519 3231 in
538 3171 689 3250 peristylio
711 3170 848 3248 templum
868 3173 896 3231 ei
919 3172 995 3246 tisri,
1023 3169 1134 3250 reliqua
1155 3187 1192 3230 er

192 3255 274 3316 domo
289 3254 387 3317 locari.
408 3253 454 3316 lix
463 3273 498 3316 ea
510 3255 631 3316 reditum
641 3256 800 3335 aliquandiu
812 3255 910 3316 civitas
923 3256 1069 3333 percepit:
1086 3252 1236 3319 osismos

191 3337 324 3418 paulatim
343 3340 442 3418 partim
464 3339 584 3420 spoliata
608 3341 708 3418 partim
729 3338 864 3416 neglecta
886 3356 950 3399 cum
969 3337 1119 3419 peristylio
1139 3335 1193 3397 do-

189 3441 253 3484 mus
273 3432 333 3484 tota
353 3422 489 3502 conlapsa
509 3433 570 3500 est,
596 3425 703 3484 auiam
724 3440 815 3503 paena
832 3421 900 3484 nibil
922 3441 960 3484 ex
980 3423 1082 3484 canisi
1097 3420 1194 3485 solum

190 3515 338 3588 superest;
354 3505 430 3587 quod
444 3515 485 3585 tu,
501 3506 630 3588 domme,
646 3510 708 3569 sive
727 3507 875 3569 donaveris
889 3507 996 3570 civitati
1013 3508 1075 3568 sive
1089 3505 1192 3567 senice
