2584 3972
312 281 577 347 EPISTULARUM
587 282 652 349 1111.
674 295 718 348 ro.
729 293 773 346 21.
786 294 829 346 m.
843 293 885 347 ae.
1059 283 1101 348 83

93 435 213 515 amicum
228 437 258 498 iu
273 435 448 498 duumviratu
457 436 614 500 tollendum
625 435 855 515 abolendumque
868 439 985 502 curavit.
1006 436 1102 516 riege-

93 521 178 582 batur
195 538 233 580 ex
249 521 418 582 auctoritate
437 520 680 599 publicaiecisse.
702 519 771 598 Egit
782 521 1127 599 ipse‘causamnonmi-2

93 622 148 665 nus
169 603 296 666 feliciter
310 622 394 684 quam
411 603 528 666 diserte.
558 602 771 665 Commendabat
786 606 930 666 actionem
942 606 1020 682 quod
1033 616 1102 666 tam-

94 707 179 770 quam
195 688 282 748 homo
298 687 440 749 Romanus
460 697 491 750 et
508 689 600 749 bonus
618 690 689 749 civis
707 690 735 748 in
752 691 870 766 negotio
888 705 941 748 sao
952 697 1060 749 mature
1073 698 1103 750 et

68 773 222 850 tgraviter
239 771 419 852 loquebatur.
451 771 523 833 Cum
534 773 694 834 sententiae
711 769 950 852 perrogarentur‚
977 771 1129 833 diritius

94 857 158 918 nius
170 854 331 935 Mauricus,
343 873 400 938 quo
411 859 473 922 uiro
485 856 553 918 nibil
564 857 687 934 firmius,
698 855 767 922 nihil
777 858 890 934 senus,
908 873 965 919 non
978 875 1045 920 esse
1056 875 1102 917 re·

95 939 270 1004 stituenduna
285 940 495 1004 Viennensibus
511 959 618 1020 agona:
639 940 745 1008 adiecit
762 940 880 1002 ‘uellem
898 941 982 1002 etiarn
993 939 1102 1006 Romae

95 1023 159 1086 tolli
174 1030 297 1104 posset!
321 1022 510 1104 constanter,
522 1027 631 1105 inquis,
647 1034 677 1085 et
687 1024 808 1089 fortiter.
832 1021 956 1097 Quidni?
974 1025 1027 1086 sed
1044 1024 1129 1092 boot

95 1107 251 1170 aMaurico
261 1127 367 1172 norum
380 1119 505 1172 nonest.
524 1108 603 1171 Idem
613 1109 688 1188 apud
698 1111 901 1187 imperatorem
912 1106 1036 1173 Nervam
1046 1126 1105 1178 nou

56 1195 188 1258 lominus
205 1194 324 1256 fortiter.
354 1190 481 1256 Cenabat
493 1191 589 1256 Nerva
600 1210 665 1252 oum
679 1193 793 1271 paucis:
815 1191 939 1255 Veiento
958 1195 1104 1273 proximus

94 1287 182 1358 atque
200 1278 285 1339 etiam
300 1279 329 1338 in
350 1279 414 1338 sinu
436 1277 637 1342 recumbebat:
664 1276 721 1338 dixi
743 1277 852 1354 omnin,
876 1294 940 1337 cum
960 1279 1104 1342 homiaem

95 1362 246 1424 nominavi.
280 1361 492 1424 mantenano
509 1361 545 1422 de
566 1357 679 1424 cautio
695 1359 868 1437 Messalino,
892 1361 940 1440 qui
953 1361 1139 1428 luminibuso.

94 1447 213 1508 orbatus
233 1447 350 1523 ingenio
366 1463 455 1507 saevo
472 1443 544 1506 male
562 1446 709 1508 caecitatis
727 1443 887 1508 addiderat:
909 1462 967 1506 non
983 1445 1104 1508 vereba-

94 1541 157 1606 tur,
176 1546 234 1592 non
250 1530 456 1606 erubescebat,
474 1547 531 1592 non
545 1529 745 1598 miserebatm;
772 1546 829 1609 quo
847 1529 963 1607 saepius
980 1529 1104 1591 aliomi·

54 1616 174 1681 retiano
188 1631 245 1675 nou
255 1632 342 1679 secus
353 1633 388 1675 ac
402 1613 476 1692 tela,
495 1632 569 1694 quaa
586 1623 616 1675 et
631 1615 695 1692 ipsa
707 1613 795 1674 caeca
805 1621 837 1678 et
848 1613 997 1692 inprovida
1008 1614 1103 1676 ierun-

94 1709 159 1778 tur,
174 1699 205 1758 in
225 1700 362 1776 optimum
379 1715 520 1779 quemque
539 1699 790 1778 contorquebatur.
821 1695 867 1758 De
879 1696 963 1761 huius
981 1699 1132 1777 nequitiae

95 1783 341 1863 sanguinariisque
361 1784 510 1846 sententiis
528 1783 557 1844 in
577 1800 724 1844 commune
738 1799 838 1845 omnes
848 1798 938 1860 super
949 1799 1050 1842 cenam
1063 1781 1106 1841 lo-

96 1867 272 1948 quebantur,
284 1869 424 1946 cumipse
435 1867 590 1946 imperator
606 1867 686 1948 ‘quid
698 1875 828 1945 putamus
839 1883 988 1945 passurum
1000 1865 1103 1944 fuisse,
1128 1889 1131 1896 ·

95 1955 121 2014 si
137 1947 290 2013 vivereti’
318 1961 348 2013 et
370 1949 513 2014 Mauricus
535 1950 697 2016 ‘nobiscum
716 1954 856 2014 cenaret!
887 1949 1013 2027 Longius
1036 1951 1129 2027 abiit

53 2035 191 2100 mlitem
207 2045 311 2098 tamen.
331 2035 440 2097 Placuit
450 2053 548 2114 agona
560 2033 640 2112 tolli,
665 2035 713 2114 qui
730 2051 827 2096 mores
845 2032 1051 2100 Viennensium
1063 2035 1106 2094 in·

95 2120 226 2198 iecerat,
247 2130 279 2181 ut
294 2128 394 2182 noster
409 2121 456 2182 bic
473 2120 606 2180 omnium.
639 2117 711 2180 Num
728 2115 932 2182 Viennensium
950 2118 1019 2184 vitia
1034 2118 1110 2204 intra,

95 2206 179 2284 ipsos
194 2204 340 2283 residunt,
357 2213 456 2266 nostra
473 2203 529 2265 late
546 2210 698 2281 vagantur,
724 2210 812 2282 utque
829 2202 858 2264 iu
877 2201 1047 2280 corporibus
1062 2201 1106 2264 sic

95 2291 124 2349 in
140 2289 270 2430 lirnperio
291 2288 476 2368 gravissimus
499 2297 546 2349 est
563 2287 678 2348 morbus
704 2287 752 2365 qui
772 2305 789 2347 a
817 2285 910 2365 capite
933 2286 1104 2347 diffunditur,

94 2371 139 2432 Va
152 2390 180 2432 e.

549 2502 654 2566 XXill.
993 2517 1084 2630 Ἀ

304 2601 331 2652 o.
348 2601 474 2654 omarus
489 2602 653 2657 nonnemo
671 2601 774 2654 nasso
793 2601 854 2654 suo
871 2601 897 2656 e.

161 2703 292 2782 Magnam
306 2703 575 2784 cepiuoluptatem‚
598 2722 662 2766 cum
681 2723 718 2766 ex
737 2702 933 2768 communibus
944 2703 1043 2764 amicis
1056 2714 1127 2768 oo-1

96 2791 185 2869 gnovi
209 2799 239 2851 ta
261 2798 291 2850 ut
313 2790 453 2868 sapientia
469 2799 516 2850 tua
539 2788 655 2868 dignum
672 2797 717 2850 est
745 2797 776 2848 ct
792 2787 946 2866 disponere
965 2787 1052 2847 otium
1075 2795 1107 2851 et

57 2875 194 2952 tofane,
217 2871 344 2934 habitare
368 2875 567 2936 amoenissime
590 2883 620 2935 et
636 2891 713 2934 nune
730 2881 806 2933 terra
822 2889 896 2932 nunc
911 2871 982 2934 mari
1000 2888 1106 2951 corpus

96 2960 207 3037 agitare
215 3003 228 3036 ‚J
242 2955 359 3018 multum
377 2957 539 3036 disputare,
557 2957 675 3018 multum
692 2956 808 3033 andire,
827 2954 946 3018 multum
963 2954 1108 3033 lectitare,

98 3059 222 3124 caraque
233 3039 384 3121 plurimum
399 3043 493 3119 scias,
516 3043 622 3104 cotidie
638 3051 733 3108 tamen
745 3040 852 3120 uiiqrrid
870 3038 1030 3102 addiscere.
1065 3039 1134 3102 ltat

98 3143 258 3188 senescere
275 3134 391 3204 oportet
406 3128 497 3186 virum
514 3127 563 3206 qui
574 3127 754 3204 magistratus
765 3123 956 3204 amplissimos
967 3125 1107 3203 gesserit,

98 3213 245 3272 exercitus
257 3212 373 3290 rexerit,
389 3219 536 3290 totumque
548 3228 582 3272 se
597 3209 801 3290 reipublicae,
820 3207 962 3290 quamdiu
973 3207 1107 3287 decebat,

57 3295 248 3374 osoptuterit.
280 3293 351 3356 Nam
370 3305 400 3355 et
420 3297 509 3374 prima
520 3296 596 3357 vitae
610 3305 740 3374 tempora
756 3303 787 3354 et
803 3293 897 3355 media
914 3294 1041 3373 patriae,
1059 3302 1134 3356 eun-3

98 3389 189 3442 trema
199 3379 283 3442 nobis
295 3381 440 3458 impertire
456 3378 610 3456 debemus,
632 3388 663 3440 ut
680 3381 760 3459 ipsae
777 3377 862 3456 leges
877 3386 1011 3456 monent,
1033 3395 1107 3458 quae

98 3467 234 3525 maiorem
248 3467 326 3525 anuis
343 3466 402 3524 otio
420 3463 550 3524 reddunt.
573 3462 692 3538 Quando
704 3462 771 3524 mihi
791 3461 908 3541 licebit,
930 3461 1042 3541 quando
1054 3469 1132 3540 pero

98 3559 223 3612 aetatem
236 3548 388 3612 honestum
401 3549 456 3610 erit
469 3549 569 3609 imitari
583 3547 659 3610 istud
676 3545 884 3628 pulcherrimae
896 3546 1000 3690 quqetis
1012 3560 1107 3607 enem-
