2580 3970
179 242 242 308 258
414 246 430 281 ⁹
618 243 649 308 G.
673 243 769 306 PblNl

181 405 433 476 contemptumque
442 398 541 458 mortis
555 397 745 475 accenderet,
762 413 825 458 cum
837 399 865 458 iu
879 415 1028 460 servorum
1039 397 1124 459 etism
1139 417 1193 460 no·

179 479 914 637 itumqud‘ttllt'effleblltrtlttdl
927 481 1193 644 lblslldllll

261 605 269 624 ·
922 609 931 642 s

180 648 326 724 exhibuit,
348 649 423 708 omui
442 647 608 708 adfectione
628 656 675 708 aut
689 649 811 710 intactus
826 658 872 709 aut
887 648 991 710 maiori
1012 647 1191 727 inpetratum

182 742 228 792 cst
245 730 322 809 quod
335 730 549 810 postulabatur,
567 730 691 793 oblatum
705 730 782 809 quod
797 748 853 792 non
868 731 1075 812 postulabatur.
1103 731 1220 796 lusti-5

180 818 214 876 tit
228 814 302 876 ultro
318 824 348 875 et
361 822 391 874 ut
406 815 679 894 concupisceremus
694 814 853 894 admonuit,
869 833 903 876 ac
918 816 962 878 sic
977 833 1092 895 quoque
1105 815 1189 895 plura

180 898 336 976 inopinata,
360 897 440 974 plura
456 899 557 960 subita
589 897 648 960 lam
665 915 748 977 quam
766 897 857 960 libere
877 901 1066 979 spectantium
1083 899 1187 978 studia,

180 999 262 1060 quam
283 999 402 1043 securus
424 981 519 1043 lavor!
556 981 668 1042 Nemini
687 984 825 1061 inpietas,
853 991 883 1043 ut
904 982 1036 1059 soletur,
1060 982 1188 1062 obiecta,

181 1065 257 1143 quod
273 1063 382 1125 odisset
395 1064 596 1143 gladiatorem:
617 1083 701 1126 nemo
716 1084 732 1126 e
749 1075 913 1144 spectatore
933 1065 1129 1146 spectaculum
1147 1067 1187 1127 la·

181 1159 261 1226 etus,
276 1149 395 1210 miseras
411 1147 573 1227 voluptates
586 1167 660 1210 unco
675 1159 705 1211 et
714 1150 826 1227 ignibus
842 1151 978 1228 expiarit.
996 1149 1122 1212 Demens
1137 1149 1187 1210 ille
1199 1167 1236 1217 lu

179 1234 299 1310 verique
315 1231 432 1293 honoris
448 1235 562 1310 ignarus
578 1235 627 1310 qui
643 1235 758 1294 crimina
771 1234 925 1295 maiestatis
939 1235 968 1294 in
984 1233 1089 1296 bareru
1105 1233 1187 1294 colli·

180 1317 268 1394 gebat
289 1333 323 1376 ac
341 1334 375 1377 se
395 1314 506 1396 despici
528 1326 558 1379 et
580 1317 740 1396 contemni,
764 1317 820 1378 uisi
837 1319 922 1380 etiam
934 1316 1108 1394 gladiatores
1123 1319 1187 1380 eius

179 1399 1187 1562 {drittaalsspblullfftluluitbtus,tltl

130 1571 171 1632 34
181 1564 355 1643 gladiatores
371 1566 447 1644 quod
461 1587 494 1628 se
511 1567 635 1644 putabat.
669 1567 708 1629 At
722 1577 770 1644 tu,
794 1565 919 1643 Caesar,
937 1585 1020 1646 quaro
1034 1567 1235 1646 pulchrum15

181 1647 377 1728 spectaculum
391 1666 444 1727 pro
466 1649 517 1710 illo
537 1651 619 1712 uobis
634 1650 790 1712 execrabili
805 1650 965 1713 reddidisti!
993 1650 1118 1712 Vidimus
1135 1651 1185 1712 de-

180 1731 300 1793 letorum
314 1732 463 1811 iudicium,
481 1735 561 1812 quasi
571 1745 780 1812 grassatorum,
796 1735 876 1814 quasi
889 1733 1038 1796 latrorum.
1058 1733 1122 1796 Nou
1137 1753 1185 1798 so·

180 1816 325 1878 litudiuem
339 1816 397 1894 illi,
419 1835 476 1877 nou
493 1819 564 1895 iter,
584 1818 638 1878 sed
657 1817 810 1896 templum,
833 1817 886 1880 sed
900 1817 991 1879 lorum
1006 1818 1185 1880 insederunt·

181 1898 257 1960 nulla
271 1902 324 1961 iam
339 1908 506 1962 testamenta
520 1919 637 1979 secura,
652 1900 747 1963 nullus
762 1911 852 1964 status
867 1912 978 1964 certus:
993 1919 1050 1964 uon
1066 1904 1184 1981 orbitas,

180 2000 237 2044 non
256 1984 340 2045 liberi
361 1983 524 2063 proderant.
555 1985 683 2046 Auxerat
700 1987 756 2046 boo
771 1984 873 2047 malum
887 1987 1045 2066 principum
1059 1989 1183 2048 auaritia.
1195 1998 1234 2054 ac
1287 2002 1288 2054 ζ

179 2068 335 2130 Advertisti
359 2069 459 2130 oculos
480 2079 566 2147 atque
586 2079 617 2130 ut
630 2078 696 2130 aute
717 2072 817 2131 castris
834 2071 872 2130 ita
885 2079 987 2150 postea
1002 2088 1103 2150 pacem
1116 2070 1185 2131 loro

180 2147 341 2213 reddidisti:
356 2152 486 2214 excidisti
501 2154 664 2215 intestinum
677 2153 779 2214 malum
797 2163 826 2214 et
840 2153 958 2232 provida
969 2155 1124 2216 severitate
1138 2173 1184 2216 ca·

160 2237 247 2297 nisti
263 2255 300 2296 ue
315 2235 428 2297 lundata
442 2235 556 2316 legibus
571 2238 671 2299 civitas
690 2255 791 2299 eversa
803 2237 916 2315 legibus
927 2237 1080 2300 rideretur.
1101 2237 1186 2300 Licet

181 2336 251 2397 ergo
261 2337 324 2378 cum
335 2319 446 2380 fortuna
457 2330 516 2380 tum
527 2321 682 2383 liberalitas
689 2329 735 2388 tua
747 2321 866 2382 visenda
876 2321 959 2384 uobis
971 2322 1185 2401 praebuerunt

180 2402 326 2480 praebuit,
345 2420 420 2462 nunc
432 2405 558 2481 ingentia
568 2405 673 2464 robora
685 2407 809 2464 virorum
828 2415 858 2466 et
870 2421 955 2484 pares
966 2407 1089 2484 animos,
1108 2424 1184 2466 nuuc
1193 2409 1231 2464 25

180 2484 368 2545 inmanitatem
379 2485 512 2563 leraruru,
520 2505 594 2547 nuuc
606 2487 849 2549 mansuetudinem
860 2490 1123 2568 incognitamuunc
1136 2509 1184 2552 se·

180 2577 273 2629 cretas
284 2567 348 2628 illes
368 2577 398 2629 et
409 2586 526 2630 mennas
544 2587 578 2631 ac
591 2571 644 2633 sub
656 2580 685 2631 te
698 2573 820 2651 primum
831 2589 994 2634 communes
1007 2590 1096 2652 opes;
1114 2572 1184 2633 nibil

179 2661 271 2712 tameo
279 2651 474 2731 gratius,nihil
486 2653 605 2716 saeculo
617 2656 728 2734 dignius
741 2673 824 2736 quam
837 2656 914 2735 quod
927 2657 1046 2734 contigit
1057 2656 1185 2736 desuper

179 2737 282 2798 intueri
299 2736 455 2799 delatorum
466 2739 566 2817 supina
579 2757 628 2800 ora
638 2748 818 2819 retortasuue
831 2741 971 2802 cervices.
993 2740 1183 2817 Agnosceba-

178 2839 241 2882 mus
257 2829 286 2882 et
296 2822 475 2900 fruebamur,
496 2840 558 2882 cum
571 2822 652 2884 velut
663 2823 823 2903 piaculares
836 2822 968 2902 publicae
980 2823 1183 2886 sollicitudinis
1192 2831 1232 2886 30

178 2905 309 2966 victimae
328 2923 413 2984 supra
433 2909 598 2984 sanguinem
615 2909 763 2968 noxicrum
779 2906 902 2970 adlecta
914 2906 1055 2986 supplicia
1068 2911 1183 2986 mario·

177 3003 284 3066 resque
298 3004 406 3067 poenas
419 2988 598 3053 ducerentur.
616 2988 755 3070 Congesti
765 3001 828 3053 suut
840 2992 869 3052 in
881 2992 992 3070 nauigia
1004 2993 1107 3072 raptim
1114 3009 1183 3053 cou-

179 3072 280 3150 quisita
292 3089 327 3132 ao
339 3074 556 3151 tempestatibus·
569 3074 670 3137 dediti:
688 3077 808 3153 abirent,
822 3073 955 3153 lugerent
966 3084 1091 3138 vastam
1104 3074 1183 3136 dela·

179 3156 302 3216 tionibus
314 3165 418 3226 terras;
436 3175 470 3218 ac
485 3159 510 3220 si
523 3177 607 3238 quem
619 3158 721 3221 ductus
734 3178 769 3221 ec
781 3158 928 3239 procellae
943 3157 1072 3238 scopulis
1085 3177 1183 3220 reser-

178 3248 305 3316 vassent,
316 3239 364 3300 bic
375 3240 448 3302 nuda
460 3259 526 3302 sara
539 3252 568 3303 et
580 3241 750 3322 inhospitale
763 3241 829 3304 litus
841 3241 997 3319 incoleret,
1016 3253 1118 3320 ageret
1130 3241 1181 3302 du·
1190 3251 1229 3307 ³5

177 3340 236 3382 ram
251 3331 279 3382 et
291 3325 399 3386 anxiam
410 3325 512 3404 uitam,
531 3324 688 3405 relictaque
701 3336 768 3406 post
779 3335 890 3404 tergum
902 3328 989 3388 totius
1001 3325 1118 3404 generis
1129 3325 1183 3386 bu·

127 3408 168 3473 ³5
179 3407 252 3468 mani
264 3408 417 3469 securitate
428 3419 577 3471 maereret.
598 3408 779 3472 blemorauda
792 3410 893 3489 iacies,
908 3408 1065 3470 delatorrun
1077 3409 1182 3472 classis

179 3492 318 3570 permissa
331 3492 458 3553 omuibus
471 3494 565 3554 vertis
580 3502 735 3575 coactaque
747 3493 811 3555 vela
823 3494 1040 3574 tempestatibus
1052 3493 1182 3574 pandere
