2584 3972
354 289 618 353 EPISTULARUM
631 290 694 353 1111.
714 301 870 356 nacaeo.
1075 289 1118 359 87

110 464 180 509 cere
196 445 336 507 eiusmodi
349 441 511 524 exemplum
525 461 582 504 nou
593 445 647 505 uisi
661 444 773 521 severi,
789 444 944 508 institutum
955 446 1117 506 reductum·

108 549 147 592 ve
166 547 306 592 exercere
323 529 406 590 ctiam
420 527 558 589 lenissimi
572 537 704 608 possunt.
734 525 817 590 Vale.

85 788 103 840 5
315 755 319 760 ’
340 760 366 812 G⁴
386 760 511 814 PLINIUS
526 659 649 814 ΙιΙῦξΝΧΙξ
664 761 770 812 sutton
787 759 848 812 SUO
868 759 895 810 S.
927 687 983 787 K

175 863 266 926 Attuli
280 865 333 925 tibi
348 882 386 925 ex
399 865 488 944 patria
500 883 564 926 mea
577 882 630 945 pro
644 863 813 926 munusculo
827 863 1023 943 quaestionem
1039 861 1145 932 altis-1

111 951 182 1010 sima
199 949 254 1009 ista
271 947 430 1009 eruditione
450 948 649 1027 dignissimam.
682 947 759 1010 Fons
775 949 864 1009 oritur
883 949 913 1008 iu
926 956 1041 1025 monte,
1067 960 1146 1026 pera

110 1050 181 1094 saxa
201 1031 343 1109 decurrit,
363 1033 506 1110 excipitur
526 1032 721 1094 cenatiuncula
737 1049 820 1092 manu
842 1032 932 1094 iacta:
952 1031 991 1092 ibi
1006 1030 1120 1110 paulurn

111 1124 242 1177 retentus
256 1117 284 1175 in
298 1114 409 1176 larium
419 1113 513 1177 lacum
524 1115 641 1177 decidit.
662 1115 751 1177 Huius
764 1116 833 1176 ruira
847 1125 958 1177 natura:
971 1123 1018 1175 ter
1031 1115 1060 1174 in
1074 1114 1120 1175 die

68 1209 104 1264 10
112 1199 194 1263 statis
209 1199 341 1261 auctibus
358 1216 394 1260 ae
414 1198 641 1262 diminutiombus
657 1200 764 1261 crescit
777 1198 990 1277 decrescitque.
1021 1197 1147 1266 Cerni-3

111 1293 160 1346 tur
171 1282 203 1343 id
216 1281 309 1362 palam
324 1292 353 1344 et
368 1299 432 1344 cum
446 1299 553 1345 summa
565 1283 712 1363 voluptate
728 1281 959 1361 deprehenditur.
980 1281 1061 1342 quta
1074 1301 1120 1343 re·
1188 1321 1193 1328 -

114 1367 227 1429 cumbis
246 1374 276 1427 et
294 1368 425 1429 vesceris
447 1376 533 1447 atque
549 1369 634 1428 etiam
650 1385 688 1429 cx
708 1370 773 1446 ipso
794 1365 873 1426 ioute
888 1366 965 1445 (nam
980 1374 1026 1426 est
1041 1365 1121 1445 frigi·

113 1449 264 1530 dissimus)
285 1459 382 1530 potas:
399 1451 511 1512 interim
530 1450 582 1513 ille
597 1451 684 1512 certis
699 1451 893 1527 dimensisque
907 1451 1057 1512 momentis
1073 1450 1121 1510 vel

113 1533 288 1604 subtrahitur
300 1533 349 1595 rel
362 1533 498 1614 adsurgit.
518 1535 642 1596 Anulum
656 1533 788 1614 seuquid
801 1532 877 1594 aliud
890 1535 973 1614 ponis
987 1535 1016 1593 iu
1025 1535 1147 1613 sioco‚l
1185 1565 1205 1585 r·

72 1629 104 1684 15
114 1617 238 1680 adluitur
252 1619 359 1680 sensim
372 1635 408 1680 ae
422 1621 578 1681 novissime
593 1621 737 1698 operitur,
753 1617 897 1697 detegitur
909 1635 1007 1680 rursus
1024 1617 1120 1697 paulu·

113 1704 222 1781 timone
238 1701 394 1764 deseritur:
410 1705 434 1764 si
450 1702 554 1764 diutius
570 1703 722 1781 observes,
740 1711 890 1780 utrumque
905 1703 1052 1763 iterumue
1064 1711 1122 1763 ter·

112 1789 155 1848 tio
169 1785 277 1848 videas.
299 1785 459 1866 Spiritusne
474 1786 576 1867 aliquis
588 1786 731 1849 occultior
741 1803 775 1847 os
785 1787 872 1848 fontis
883 1795 914 1847 et
924 1785 1025 1846 fauces
1036 1785 1146 1847 modos

112 1869 192 1932 laxat
205 1870 290 1932 modo
304 1869 436 1948 includit,
458 1880 542 1950 prout
555 1871 658 1933 inlatus
674 1872 799 1932 occurrit
818 1879 866 1930 aut
880 1868 1007 1932 decessit
1021 1867 1121 1949 expul-

114 1949 186 2015 sas?
207 1953 284 2032 quod
298 1955 327 2015 in
340 1953 472 2034 ampullis
488 1957 654 2036 ceterisque
665 1956 781 2035 generis
795 1953 923 2015 eiusdem
934 1953 1063 2015 ridemus
1074 1962 1146 2017 acti

70 2037 230 2117 accidere,
253 2039 355 2117 quibas
374 2056 432 2100 non
451 2040 531 2102 hians
552 2058 609 2100 nec
628 2041 721 2102 statim
734 2045 835 2117 patens
850 2038 954 2098 exitus.
985 2035 1056 2096 Naro
1071 2034 1121 2097 illa
1142 2053 1173 2072 *-

112 2139 242 2202 popue,
259 2139 425 2202 quamquam
438 2141 528 2203 prona
546 2132 632 2202 atque
646 2123 806 2200 vergentia,
821 2139 875 2201 per
890 2118 1025 2200 quasdam
1038 2119 1119 2180 obln·

113 2207 217 2267 ctasds
240 2208 347 2267 animae
366 2225 460 2271 moras
482 2207 593 2270 crebris
619 2207 699 2285 quasi
721 2203 892 2283 singultibus
916 2206 1019 2267 sistunt
1044 2202 1121 2283 quod

112 2288 271 2351 effundunt.
303 2289 350 2352 An
365 2308 437 2371 qnae
453 2307 563 2353 oceano
578 2298 692 2367 natura,
708 2289 779 2350 fonti
793 2306 925 2369 qaoque,
944 2305 1056 2367 quaque
1070 2287 1147 2353 illet

111 2375 225 2436 ratione
242 2383 290 2435 aut
300 2374 446 2452 inpellitur
461 2384 509 2437 aut
522 2375 699 2451 resorbetur,
714 2373 768 2434 bac
781 2372 910 2435 modicus
924 2371 972 2434 bic
985 2389 1066 2434 umor
1079 2375 1122 2433 ri·

71 2463 105 2516 25
114 2458 200 2520 cibus
214 2455 332 2521 alternis
345 2461 529 2540 supprimitur
541 2458 589 2521 vel
603 2454 753 2537 egeritur?
774 2458 820 2517 lln
835 2467 867 2518 nt
881 2457 993 2518 flumina
1007 2475 1081 2538 quae
1094 2460 1148 2520 inti

112 2559 195 2602 mue
216 2541 382 2605 deferuntur
406 2543 622 2606 adversantibus
644 2544 738 2604 ventis
761 2543 905 2622 obvioque
928 2551 1008 2602 aestu
1030 2552 1123 2603 retor-

114 2634 257 2705 quentur,
277 2628 315 2686 ita
335 2637 381 2690 est
400 2626 507 2708 aliquid
527 2626 604 2708 qnod
617 2627 700 2688 buius
715 2626 802 2688 fontis
818 2643 971 2688 excursum
985 2643 1121 2705 repercu-

113 2706 189 2770 tiat?
213 2709 259 2770 lln
281 2710 435 2775 latentibus
457 2713 539 2774 renis
559 2719 640 2772 certa
658 2727 805 2788 mensura,
832 2725 904 2788 quae
925 2710 990 2771 dum
1011 2708 1148 2787 colligit9

115 2792 196 2873 quod
210 2793 392 2874 exhauserat,
407 2797 498 2857 minor
514 2797 591 2858 rivus
605 2804 636 2857 et
651 2795 773 2872 pigrior,
791 2810 855 2854 cum
874 2791 1004 2870 collegit,
1020 2792 1122 2870 agilior

74 2879 264 2958 tenuiorque
278 2877 442 2958 profertur?
460 2880 507 2941 An
527 2881 627 2942 nescio
648 2878 725 2958 quod
743 2875 939 2940 libramentum
953 2876 1077 2938 abditum
1092 2886 1122 2939 et
1132 2883 1164 2938 lo

116 2979 253 3040 caecnm,
276 2961 434 3042 quodcum
454 2965 625 3025 exinanitum
644 2971 706 3039 est,
727 2963 845 3024 suscitat
866 2970 896 3024 et
909 2961 989 3023 elicit
1003 2961 1121 3040 iontem,

116 3063 183 3106 cnm
207 3045 367 3126 repletam,
394 3058 521 3110 moratur
546 3057 576 3110 et
602 3043 780 3126 strangulat?
808 3045 943 3108 Scrutare
966 3055 997 3107 tu
1023 3051 1167 3106 oausasll

116 3129 221 3209 (potes
238 3130 347 3211 enim),
369 3149 442 3211 qaae
461 3141 569 3194 tantum
582 3131 748 3192 miraculum
764 3129 905 3192 efficiunt:
926 3129 993 3190 mibi
1011 3128 1124 3190 abunde

114 3223 175 3291 est,
192 3215 217 3274 si
231 3215 300 3277 satis
316 3218 448 3296 expressi
462 3215 539 3296 qnod
554 3216 685 3280 eflicitur.
717 3214 798 3276 Vale.
