2580 3978
191 293 232 357 la
620 288 652 350 G.
674 287 772 350 Plle

192 448 236 508 cia
251 443 329 522 mibi,
347 460 404 504 non
417 442 490 503 baec
508 445 612 503 ‘senex
626 450 703 518 erat,
725 441 850 502 infirmus
868 445 940 501 erat'
957 439 1043 520 (baec
1061 441 1136 500 enim
1147 457 1197 499 no·

190 529 251 608 vi),
265 528 318 589 sed
332 545 406 589 noua
420 525 524 604 aliqua,
541 525 593 586 sed
607 543 717 602 magna,
734 542 806 603 quae
821 524 957 586 audierim
972 542 1138 602 numquam,
1155 522 1197 584 le-

191 615 282 692 gerim
292 629 450 691 numquam.
473 607 633 688 Numquae
650 607 761 686 audiri,
778 627 850 686 quae
866 607 942 687 legi,
959 616 1062 688 sponte
1079 625 1197 669 succur-

75 745 88 765 χ
190 706 271 776 runt,
289 695 341 757 sed
355 703 433 757 tanto
449 693 549 754 dolore
564 702 742 773 superamur.
774 691 870 770 Vale.x

657 785 787 886 Xffll
1210 785 1228 835 5

399 924 426 977 C.
446 922 571 975 PLINIUS
590 921 680 975 SOSIO
700 871 868 974 subdemur
883 921 943 974 SUO
962 922 990 972 S.

111 1030 113 1036 '
170 1049 186 1100 1
256 1030 389 1108 Magnum
403 1037 573 1108 proventum
586 1033 737 1107 poetarum
752 1046 840 1089 annus
855 1026 902 1088 bic
913 1026 1013 1089 attulit.
1037 1025 1110 1088 Toto
1120 1044 1198 1086 men-

194 1135 228 1178 se
243 1115 337 1194 Aprili
353 1112 448 1173 nullus
466 1112 528 1173 iere
547 1111 608 1173 dies
627 1129 684 1191 quo
698 1129 756 1173 non
770 1115 905 1173 recitaret
922 1111 1033 1189 aliquis.
1055 1109 1136 1170 Iuvat
1151 1128 1198 1171 me

193 1198 270 1278 quod
284 1201 382 1276 uigent
396 1196 499 1274 studia,
514 1195 663 1277 proferunt
676 1214 710 1257 se
724 1198 840 1274 ingenia
849 1195 992 1256 bominum
1002 1203 1032 1254 et
1043 1202 1197 1272 ostentant,
1210 1209 1244 1260 10

165 1281 354 1352 atametsiad
369 1280 537 1342 audiendum
551 1281 634 1360 pigre
651 1281 751 1342 coitur.
778 1279 912 1358 Plerique
926 1281 955 1338 in
969 1279 1136 1340 stationibus
1150 1297 1198 1338 se-

192 1367 259 1428 dent
270 1375 442 1446 tempusque
457 1364 588 1426 audiendi
603 1364 706 1425 fabulis
722 1373 872 1426 conterunt
882 1381 917 1424 ac
928 1362 1048 1423 subinde
1062 1362 1117 1422 sibi
1129 1380 1199 1422 nun·

191 1453 254 1511 tiari
270 1450 368 1510 iubent
381 1467 417 1508 an
430 1452 483 1509 iam
498 1451 634 1510 recitator
646 1449 802 1526 intraverit,
816 1467 852 1509 an
866 1447 968 1507 dixerit
981 1445 1198 1526 praefationem,

192 1553 226 1594 au
243 1551 280 1594 ex
293 1550 393 1611 magna
407 1541 489 1613 parte
501 1530 641 1594 evolverit
649 1531 766 1592 librum:
783 1541 850 1592 tunc
864 1532 985 1608 demum,
1002 1548 1036 1590 ac
1047 1539 1115 1590 tunc
1127 1546 1200 1608 quo·

193 1617 344 1697 que·lente
360 1625 583 1695 cunctanterque
603 1618 812 1684 veniunt;.uec
832 1624 926 1676 tamen
947 1613 1243 1693 permanent,sed15

192 1711 258 1764 ante
274 1702 358 1763 linem
376 1699 533 1778 recedunt,
548 1698 595 1760 alii
612 1699 821 1761 dissimulanter
835 1706 864 1760 ct
878 1698 983 1776 furtim,
1000 1697 1046 1758 alii
1062 1696 1199 1777 simplici-

168 1793 237 1848 3ter
252 1793 282 1846 et
295 1785 397 1845 libere.
419 1783 466 1844 Ad
481 1782 607 1844 Hercule
621 1785 756 1844 memoria
770 1792 917 1863 parentum
933 1779 1080 1842 Claudium
1093 1778 1199 1843 Caesa·

193 1887 254 1932 rem
269 1868 379 1947 icrunt,
402 1869 510 1928 cumin
526 1867 630 1947 palatio
647 1868 817 1947 spatiaretur
831 1867 1015 1944 audissetque
1032 1865 1198 1942 clamorem,

193 1971 307 2014 causam
327 1953 503 2033 requisisse,
526 1969 648 2030 cumque
670 1951 775 2012 dictum
793 1961 874 2012 esset
889 1952 1012 2010 recitare
1028 1948 1199 2027 Nonianum,

169 2037 316 2098 tsubitum
336 2039 467 2098 recitanti
487 2038 717 2116 inopinatumque
742 2037 868 2096 venisse.
904 2032 987 2094 Nunc
1010 2035 1200 2095 otiosissimus
1209 2054 1246 2106 20

193 2124 315 2201 quisque
329 2121 418 2182 multo
433 2130 498 2182 aute
512 2130 630 2200 rogatus
644 2129 674 2181 ct
685 2119 838 2180 identidem
853 2117 1010 2180 admonitus
1021 2126 1068 2179 ant
1081 2134 1138 2177 non
1149 2136 1202 2179 vc·

192 2208 234 2267 nit
250 2216 307 2284 aut,
324 2209 350 2267 si
365 2209 454 2283 venit,
469 2209 596 2284 queritur
610 2224 643 2266 se
661 2204 746 2282 diem,
766 2205 831 2283 quia
846 2220 902 2264 non
916 2201 1088 2282 perdiderit,
1104 2201 1201 2281 perdi-

169 2289 280 2350 odisse.
300 2289 359 2350 Sed
372 2298 450 2350 tanto
464 2291 554 2366 magis
569 2288 698 2350 laudandi
719 2287 914 2368 probandique
930 2295 995 2348 sunt
1009 2305 1081 2364 quos
1096 2303 1113 2346 a
1128 2287 1202 2347 scri-

192 2373 278 2433 bendi
293 2373 489 2452 recitandique
501 2372 594 2433 studio
605 2372 678 2433 haec
691 2371 849 2434 auditorum
858 2369 907 2432 vel
919 2369 1028 2432 desidia
1038 2369 1087 2430 vel
1099 2387 1203 2449 super-

193 2456 240 2517 bia
249 2474 306 2518 non
321 2456 453 2518 retardat.
474 2455 615 2535 liquidem
629 2473 722 2535 prope
735 2458 839 2516 nemini
851 2455 937 2519 defui.
958 2453 1046 2515 Erant
1057 2472 1126 2515 sane
1137 2452 1203 2533 ple·
1212 2463 1245 2514 25

193 2543 275 2619 rique
287 2543 385 2602 amiel:
407 2541 591 2619 nequeenim
608 2548 653 2600 est
668 2538 731 2600 iere
747 2542 894 2619 quisquam
908 2541 956 2618 qui
973 2539 1081 2616 studia,
1098 2547 1203 2599 utnon

171 2624 277 2686 dsimul
293 2634 323 2686 et
343 2642 396 2686 nos
414 2633 497 2686 amet.
526 2623 577 2684 llis
599 2642 636 2684 ex
651 2626 746 2686 causis
759 2623 873 2700 longius
892 2641 975 2701 quam
992 2623 1204 2684 destinaveram

193 2719 307 2789 tempus
320 2710 348 2769 in
365 2709 438 2770 urbe
454 2710 628 2788 consumpsi.
655 2706 774 2770 Possum
787 2710 841 2767 iam
853 2717 991 2786 repetere
1004 2723 1156 2768 secessum
1172 2715 1204 2766 et

193 2794 323 2854 scribere
338 2791 444 2872 aliquid
459 2793 540 2871 quod
550 2810 607 2853 non
620 2794 755 2869 recitem,
770 2810 807 2852 ne
824 2791 938 2870 videar,
961 2808 1081 2870 quorum
1097 2791 1203 2851 recita·

193 2877 318 2937 tionibus
334 2876 428 2956 adfui,
447 2893 506 2937 uon
519 2876 630 2939 auditor
642 2876 732 2943 fuisse
747 2876 801 2936 sed
819 2875 953 2936 creditor.
973 2873 1045 2935 Nam
1062 2883 1092 2934 ut
1105 2875 1134 2934 in
1152 2887 1247 2942 ceso

192 2962 263 3103 {tertis
278 2961 366 3023 rebus
385 2963 424 3022 ita
441 2963 471 3021 in
490 2958 619 3021 audiendi
637 2958 734 3019 cilicio
752 2961 827 3037 perit
847 2961 954 3038 gratia,
975 2960 1000 3019 si
1020 2967 1202 3038 reposcatur.

218 3062 235 3104 a
247 3065 273 3106 e.

410 3275 437 3330 c.
456 3272 583 3328 unimus
600 3175 852 3338 runffilumco
871 3271 932 3325 suo
952 3271 979 3328 s.
1212 3303 1246 3356 35

172 3389 184 3442 l
256 3377 333 3440 Petis
349 3387 380 3438 ut
392 3378 487 3438 fratris
502 3379 543 3437 tui
563 3376 637 3438 tiliae
653 3378 827 3457 prospiciam
846 3377 989 3446 maritum
1006 3373 1083 3454 quod
1098 3373 1204 3436 merito

190 3462 259 3522 mihi
278 3463 457 3542 potissimum
473 3463 607 3538 iniungis.
642 3460 707 3521 Scis
725 3463 800 3522 enim
822 3471 926 3538 quanto
950 3477 1040 3538 opere
1062 3475 1205 3519 suurmum

191 3546 270 3606 illurn
288 3547 379 3606 virum
393 3547 575 3625 suspexerim
591 3544 815 3623 dilexerimque,
840 3545 942 3622 quibus
960 3542 1010 3604 ille
1030 3541 1190 3604 adulescen
