2580 3978
159 293 190 332 lv
562 279 795 331 PRAEFATIO.

160 445 238 496 turam
249 444 275 492 et
284 437 389 492 tormen
397 437 453 493 libri
462 436 536 492 talem
546 451 599 492 esse
609 436 758 502 iudicabam,
776 435 872 508 qrralenr
882 435 940 490 alias
951 435 976 489 in
987 434 1112 491 codicibus
1126 432 1171 490 ²8.
1182 433 1230 489 Na·

159 521 216 578 rarii
233 521 259 576 in
278 519 402 577 Lamissa’
416 520 546 578 obseruari.
578 534 624 591 qua
643 519 668 574 in
688 535 715 574 re
727 518 775 574 nisi
791 519 855 575 oculi
868 525 892 574 et
902 519 1017 576 memoria
1033 533 1074 574 me
1082 517 1228 582 fefellerunt,

159 621 216 660 eum
231 603 317 660 iterun
331 602 483 678 ephedron
494 601 550 660 Gue't'
560 601 637 659 Plinii
656 618 729 675 quem
745 602 871 659 undecimo
883 603 979 658 saeculo
989 603 1014 658 in
1025 602 1170 659 monasterio
1181 601 1230 657 Na·
1271 661 1272 668 χ

159 689 254 744 zariano
271 688 380 744 extitisse
400 689 526 760 catalogus
549 687 579 743 ab
598 687 693 759 Angelo
714 687 777 742 Maio
800 686 965 759 inSpicilegii
982 686 1085 742 Romani
1105 685 1229 741 uolumine
1271 683 1272 770 ]

159 773 243 844 quinto
254 771 332 828 editus
342 788 367 843 p.
377 774 429 829 190
439 771 528 828 indicat
537 769 604 826 hunc
613 770 693 842 ipsum
702 769 867 826 Florentinum
877 770 987 826 codicem
998 785 1051 826 esse
1062 770 1135 826 dicas
1169 785 1227 826 con-
1271 789 1272 840 p

158 856 222 911 tinet
232 861 313 911 autem
324 861 380 928 post
391 855 485 926 dpuleii
495 854 570 911 libros
580 854 685 910 minores
696 854 752 910 iudo
763 853 805 910 oi.
822 857 856 911 41
872 853 944 909 Plinii
959 854 1116 925 epistulamm
1133 860 1227 925 partem
1271 865 1272 936 p

158 955 213 994 eam
226 940 333 1011 premia
347 939 476 1012 archetypo
486 938 559 994 huius
569 937 650 1008 stirpis
665 937 739 993 luisse
755 937 813 993 dixi.
845 952 901 994 uam
915 953 975 1010 quae
991 944 1048 1009 post
1068 944 1161 993 sextam
1173 937 1228 992 libri
1271 937 1272 942 ’

159 1023 236 1095 quinti
247 1023 375 1094 epistulam
385 1023 465 1079 addita
476 1029 546 1088 sunt.
564 1022 668 1093 epistula
678 1021 780 1093 septima
790 1026 816 1076 et
826 1028 924 1077 octavae
934 1037 989 1092 pars
999 1021 1116 1094 usquead
1129 1025 1226 1086 sleu-

157 1106 231 1171 eost,
256 1121 284 1162 ca
300 1107 434 1162 remotiore
447 1121 520 1162 mauu
538 1106 635 1162 saeculo
646 1105 729 1178 quinto
748 1105 842 1161 decimo
858 1107 947 1176 scripta
966 1112 1031 1161 sunt.
1061 1105 1153 1178 singuli
1171 1104 1227 1160 libri

158 1191 249 1247 nidore
260 1191 337 1262 spatio
348 1191 432 1248 relicto
447 1198 472 1246 et
481 1189 613 1246 maioribus
629 1187 716 1246 litteiis
729 1189 787 1244 satis
803 1195 885 1260 aperte
901 1189 1007 1245 distincti
1023 1196 1094 1256 suut,
1116 1189 1167 1259 ipsa
1189 1188 1226 1244 iu·

156 1275 256 1345 scriptio
270 1280 352 1331 mmcn
364 1279 388 1330 in
401 1275 454 1331 solo
471 1275 577 1330 secundo
592 1274 654 1330 libro
665 1274 744 1330 addita
756 1279 805 1338 est.
831 1273 856 1328 in
872 1273 970 1345 reliquis
987 1273 1009 1328 ei
1023 1273 1063 1329 cui
1077 1272 1226 1328 rubricamm

157 1374 215 1414 cura
230 1359 342 1415 mandata
359 1367 410 1414 erat
424 1359 515 1415 relicta.
547 1365 654 1414 ceterum
668 1364 724 1412 ante
739 1356 923 1413 meFridericus
934 1357 1126 1430 lindenbrogius
1138 1356 1225 1413 librum

156 1449 308 1508 excusserat,
329 1442 448 1516 siquidem
462 1441 567 1498 schedae
577 1440 810 1514 lindenbrogianae,
831 1440 917 1512 quibus
929 1440 1026 1496 (lortius
1038 1457 1097 1496 usus
1117 1447 1166 1505 est,
1192 1441 1226 1495 ita

157 1542 213 1582 cum
231 1523 303 1582 huius
320 1526 411 1582 codicis
428 1526 553 1598 scripturis
569 1525 722 1580 consentiunt
739 1533 768 1580 ut
787 1540 837 1580 non
854 1524 960 1580 dubitem
972 1524 1029 1596 quin
1051 1537 1082 1579 ex
1101 1523 1151 1580 hoo
1170 1524 1224 1595 ipso

157 1615 284 1682 excerptae
305 1609 368 1676 sint.
389 1611 530 1683 praesertim
545 1625 603 1665 cum
615 1608 821 1681 lindenbrogium
834 1606 968 1664 llorentiae
980 1607 1113 1664 Marcianos
1129 1608 1226 1664 codices

155 1709 285 1766 usurpasse
300 1700 403 1752 constet
424 1701 519 1764 praeter
531 1693 597 1749 hunc
607 1693 716 1749 codicem
726 1699 808 1749 autem
823 1707 900 1747 unum
911 1693 1018 1748 eiusdem
1030 1692 1126 1764 generis
1137 1691 1226 1747 librum

155 1777 276 1834 Marciano
297 1778 456 1850 antiquiorem
473 1778 581 1834 extitisse
595 1776 652 1832 novi
671 1776 869 1842 Riccardianum‚
889 1791 961 1849 quem
978 1774 1076 1831 aGorio
1088 1775 1225 1831 llorentino

157 1863 272 1919 collatum
285 1861 369 1917 habuit
380 1860 484 1918 Certim.
505 1863 557 1932 ipse
567 1861 631 1916 enim
641 1859 743 1926 ibrum,
755 1875 899 1933 quamquam
910 1866 935 1915 et
946 1859 1052 1915 aLamio
1063 1860 1088 1914 iu
1100 1860 1226 1932 ‘catalogo

66 1945 69 1954 '
156 1947 268 2002 codicum
278 1946 495 2016 manuscriptomm
506 1946 548 2018 qui
558 1945 583 2000 in
593 1944 740 2000 bibliotheca
746 1943 902 2000 Riocardiana
909 1943 1043 1999 llorentiae
1053 1943 1225 2009 assonantur',

156 2030 254 2086 Liburni
271 2045 293 2087 a
312 2032 380 2088 1756
397 2029 476 2096 edito,
500 2035 525 2085 et
544 2029 569 2084 in
589 2028 668 2084 indice
685 2043 758 2084 manu
778 2029 869 2098 scripto
883 2042 931 2099 qno
947 2043 1013 2083 nuno
1030 2027 1056 2082 in
1069 2026 1225 2082 Riccardiana

156 2111 301 2190 bibliotheca
312 2120 413 2170 utuntur
422 2113 603 2178 indicabrserat,
617 2111 845 2168 frustrallorentiae
851 2111 964 2184 prassini.
984 2110 1134 2168 indicabatur
1144 2116 1226 2165 autem

156 2198 242 2254 eodem
251 2213 353 2253 numero
364 2196 630 2268 atquePliniiuaturalis
640 2196 754 2252 historiae
764 2195 850 2260 codex,
861 2196 1002 2250 utnesciam
1012 2209 1071 2250 num
1082 2194 1112 2250 de
1123 2209 1224 2249 numero

155 2280 294 2337 erraverint·
304 2280 322 2335 ii
337 2281 379 2352 qui
388 2279 480 2335 indices
491 2281 660 2345 confecerunt,
684 2293 714 2333 an
726 2278 890 2349 compluribus
905 2277 1052 2334 membranis
1064 2293 1125 2350 quos
1142 2277 1226 2332 inhne

155 2366 207 2420 eius
218 2364 309 2420 codicis
317 2363 401 2420 deesse
411 2362 460 2418 uidi
470 2363 571 2434 perditis
581 2361 698 2433 epistulae
708 2361 880 2418 mterciderint.
907 2368 932 2416 et
943 2362 973 2418 de
984 2367 1063 2417 aetate
1076 2360 1173 2432 padam
1183 2376 1226 2416 co-

156 2448 217 2504 dicis
226 2448 325 2522 homins
334 2447 431 2502 sacculo
443 2446 538 2502 circiter
552 2461 616 2502 nouo
627 2446 666 2500 uel
677 2445 787 2515 decimo,
812 2444 955 2515 horridius,
973 2461 987 2500 a
1001 2460 1049 2518 quo
1061 2443 1226 2499 commodatos

157 2529 590 2601 Goriischedasacceperatcortius,
612 2529 1139 2585 intersaeculumdecirnumotundecimum
1150 2529 1226 2597 scrip-

154 2622 208 2670 tum
222 2629 275 2670 esse
284 2614 373 2670 librum
386 2613 452 2670 dicit.
473 2614 606 2685 scripturae
617 2619 698 2668 autem
709 2628 737 2669 ea
749 2618 786 2668 ost
797 2627 854 2668 oum
864 2611 985 2668 hlerciano
1004 2612 1088 2667 codice
1098 2612 1225 2672 consensio

154 2705 183 2754 ut
193 2704 235 2755 aut
244 2713 275 2753 ex
284 2697 371 2754 eodem
382 2697 492 2768 exemplo
504 2703 633 2768 utrumque
644 2696 792 2767 descriptum
810 2703 851 2751 aut
863 2695 1048 2753 Riocardianum
1064 2695 1162 2750 alterius
1171 2694 1227 2750 fon-

153 2797 205 2837 tem
215 2797 269 2837 esse
279 2786 401 2852 appareat.
422 2796 470 2853 qua
483 2780 546 2836 inre
558 2795 607 2835 uon
617 2780 855 2850 praetermittendum
866 2785 904 2835 est
912 2779 984 2851 quod,
998 2793 1142 2850 quamquam
1156 2785 1227 2850 quat-

154 2873 212 2921 tuor
226 2871 321 2920 tantmr
337 2863 494 2935 epistularum
510 2863 564 2920 libri
580 2878 637 2918 cum
652 2869 721 2932 parte
731 2863 807 2934 quinti
823 2862 945 2918 incodice
959 2862 1043 2932 scripti
1054 2868 1122 2920 erant
1132 2863 1227 2931 (minus

153 2954 266 3004 accurate
276 2949 341 3003 enim
352 2954 465 3020 quattuor
474 2948 549 3004 libros
560 2946 742 3017 hethennus),
754 2946 827 3002 index
836 2952 917 3001 tameo
925 2945 1089 3016 epistularum,
1104 2947 1144 3017 qui
1160 2946 1185 3001 in
1197 2960 1226 3000 eo

153 3033 230 3088 fuisse
240 3031 343 3099 dicitur,
360 3032 441 3103 inqrm
453 3047 509 3087 eum
519 3029 716 3101 inscriptionibus
726 3029 881 3102 epistularum
891 3029 969 3100 prima
979 3029 1095 3102 mireque
1108 3029 1227 3101 epistulae

155 3115 228 3170 uerba
238 3115 342 3171 indicata
353 3121 440 3180 essent,
453 3114 484 3171 ad
493 3113 567 3170 flnenr
578 3113 655 3187 quinti
664 3113 719 3169 libri
730 3114 848 3170 deductus
858 3121 917 3169 erat.
935 3113 999 3169 unde
1009 3113 1167 3188 intellegitur,
1179 3113 1226 3167 nisi

155 3199 219 3255 forte
236 3214 267 3255 ex
279 3199 331 3270 ipso
342 3197 499 3254 Riooardiano
511 3199 647 3254 universam
656 3198 756 3269 stirpem
765 3204 848 3254 natam
858 3211 912 3253 csse
921 3197 1038 3268 suspicari
1047 3199 1172 3262 uolumus,
1195 3196 1226 3252 de

155 3298 203 3354 quo
211 3289 338 3355 propteroa
346 3281 411 3354 quod
422 3282 498 3338 oculis
508 3297 624 3353 usurpare
633 3281 721 3338 librum
732 3298 780 3338 non
790 3281 870 3347 licuit,
882 3281 971 3337 certius
981 3281 1055 3337 statui
1065 3281 1162 3354 nequit,
1175 3280 1226 3350 pri·

153 3367 257 3422 marium
268 3366 377 3422 codicem
387 3382 401 3422 a
413 3367 523 3439 diligenti
533 3365 630 3422 librario
641 3380 781 3437 expressum
792 3365 850 3421 clim
860 3365 899 3421 uel
917 3365 1022 3438 quinque
1040 3364 1115 3420 libros
1131 3364 1170 3418 uel
1187 3364 1225 3418 in·

153 3458 252 3523 tegrunr
264 3450 420 3521 epistularum
435 3465 563 3506 numerum
581 3450 741 3516 continuisse,
764 3450 850 3506 deinde
872 3449 1010 3505 ultimarum
1030 3449 1226 3503 membranarum

153 3535 244 3591 iactura
255 3535 318 3591 iacta
332 3535 362 3591 ad
373 3548 429 3590 eum
438 3535 552 3608 qmuunc
562 3540 600 3590 eet
611 3549 738 3590 numerum
747 3534 872 3591 redactum
882 3547 944 3589 osse.
964 3531 1172 3588 sedRiccerdiano
1184 3546 1226 3588 ro-
