2580 3978
22 2767 23 2770 ¹
83 2750 133 2798 iam

384 262 618 314 5555555555
632 263 844 320 5551555515.
1101 276 1148 317 m
1168 251 1178 264 ‘

86 414 152 484 sem]
174 415 239 476 Quid
263 417 366 480 qnaeris
384 416 521 482 scripsisse
544 431 586 466 me
600 411 614 485 ss
632 416 665 467 14
678 418 793 468 lacernam
808 413 1029 486 5515511201,
1050 419 1150 469 151-

86 484 198 536 cumulat
216 482 307 535 Aldus.
326 493 354 536 nt
370 484 481 535 cumulet
497 480 511 553 ΙΙ
528 485 593 545 208,
613 484 646 536 15
663 500 711 551 pro
732 487 803 536 amois
816 480 928 554 actarii]
944 485 1009 552 200,
1025 485 1058 536 10
1077 488 1150 538 Iseon

84 556 236 606 0151555555.
263 554 335 603 15555
351 548 364 621 ΙΙ
380 551 414 605 30
434 553 572 604 inerint...
592 551 717 604 hetaeriae
736 570 769 604 nc
796 551 877 620 brari]
906 555 1000 606 luerint
1022 554 1150 604 hetaeriae

84 638 150 684 qnae
168 623 270 683 breves,
297 622 387 672 addita
403 623 546 672 eordectara
572 611 693 686 ἕταιρίαι
740 619 868 687 clipeique
896 623 968 674 brevi
993 617 1006 690 ΙΙ
1031 623 1096 684 210,
1116 623 1149 674 20

86 691 161 740 XXX
180 691 250 739 cacis
266 690 350 741 notaui
365 686 378 758 ΙΙ
396 687 482 756 atque]
503 705 534 740 ac
557 691 591 742 20
616 689 668 740 Sed
690 689 853 754 Saiaeferrta.
873 685 1015 758 11111211,
1038 691 1072 743 10
1089 691 1149 756 plus

85 761 155 808 uncis
174 754 289 826 55155111
309 758 374 820 212,
399 759 433 810 25
455 761 568 808 lammam
590 760 700 810 indicaui
717 755 730 828 ΙΙ
751 758 817 821 213,
841 758 875 810 33
892 760 1022 825 praeteriit
1041 758 1150 810 Orellius

85 828 197 878 coniecit.
221 827 356 892 praeterita
384 821 397 895 ΙΙ
423 825 488 887 218,
514 826 546 877 10
575 828 727 892 spectandus
757 827 891 881 Avaritiae.
928 828 1114 892 exspectandus

84 896 146 960 220,
165 894 199 946 20
212 896 376 946 Sauromatae
394 897 499 946 coniecit
515 895 631 947 Oreliiae.
653 895 802 947 Sauromata
812 892 827 965 Η
839 912 913 960 quem
929 896 1019 946 Aldus.
1041 898 1114 947 cuius

85 962 146 1024 221,
165 963 181 1014 8
201 965 267 1014 enim
285 963 384 1015 addidit
400 963 486 1014 Aldus
502 959 516 1030 Η
537 965 567 1014 11
589 965 623 1014 ad
639 973 697 1015 ante
721 965 838 1015 Achaeos
855 964 945 1015 addidi
957 966 1095 1016 ctarrAido.
1116 967 1149 1015 ad

83 1033 189 1082 eosdem
203 1031 319 1082 Achaeos
335 1027 525 1100 etantanto
543 1034 655 1082 lacurnam
671 1034 780 1084 indicavi
789 1031 802 1100 Η
813 1033 873 1095 223,
893 1034 908 1083 7
927 1035 1040 1084 eiusdem
1057 1033 1149 1086 Araus.

84 1100 193 1151 eundem
211 1096 227 1168 Π
249 1097 282 1151 13
297 1101 391 1150 balinei
413 1103 458 1153 uti.
476 1100 542 1151 Illud
558 1102 708 1152 Gaianaeuc.
734 1103 845 1152 balinei:
871 1109 898 1151 ut
920 1101 983 1152 illud
1002 1097 1016 1172 ΙΙ
1035 1103 1096 1163 225,
1116 1102 1149 1154 15

83 1177 170 1306 {titii
184 1183 242 1288 {ii
252 1165 1149 1306 {iiiia‘iiiiiti{iiiifiiussiinan‘ifii'ffliffiawier‘iiiiii‘

83 1307 118 1357 25
134 1313 178 1355 tua
194 1274 264 1356 aas
280 1307 364 1357 meaa
381 1302 395 1374 ῃ
411 1306 446 1358 eo
462 1276 678 1360 accursitans.
698 1307 722 1356 a
734 1307 786 1358 155
808 1302 822 1377 fl
841 1306 901 1368 555,
921 1308 952 1358 rr
967 1308 1086 1358 nonnae
1101 1308 1150 1358 aa.

82 1382 201 1428 tanaeua.
217 1375 288 1425 Ponti
299 1369 311 1442 ΙΙ
323 1372 357 1425 32
374 1378 449 1439 exegi
466 1375 557 1427 Aldrre.
576 1371 682 1443 axciriss
692 1373 754 1436 220,
768 1373 940 1442 3555115555]
958 1377 1113 1427 continerent
1124 1371 1137 1443 ΙΙ

84 1443 118 1495 31
144 1444 211 1492 enim
235 1443 333 1493 addidit
350 1443 434 1494 Aldus
487 1442 554 1506 231,
583 1446 616 1495 22
637 1445 686 1504 Qui
705 1445 981 1510 negabant-fuisse,
1009 1444 1078 1512 curn]
1105 1445 1149 1506 qui

85 1518 252 1577 regarent-
268 1511 357 1565 luisse.
377 1511 440 1562 Cum
491 1510 526 1564 30
543 1514 563 1562 ii
587 1515 658 1564 55515
675 1514 761 1564 aotaoi
784 1509 797 1583 ΙΙ
825 1512 895 1575 233,
916 1511 949 1564 31
974 1517 1148 1565 acoaiectura

84 1581 196 1632 additam
211 1587 269 1631 ante
284 1580 498 1632 commilitonibus
513 1583 583 1632 anta
597 1577 611 1651 ΙΙ
627 1579 687 1642 230,
706 1584 740 1632 22
756 1598 770 1631 5
785 1583 884 1634 addidit
897 1582 982 1633 Aldus
996 1577 1010 1651 ΙΙ
1029 1583 1063 1634 20
1080 1582 1148 1646 quod

83 1650 237 1702 Beroaldus.
262 1649 322 1712 quia
336 1651 368 1700 ab
387 1649 419 1698 iis
439 1644 452 1718 11
476 1649 510 1700 28
532 1666 589 1700 cum
614 1666 646 1700 ea
665 1665 725 1716 pars
743 1648 820 1718 legis]
840 1668 869 1701 ea
892 1665 953 1716 pars
972 1651 1037 1718 legis
1053 1645 1133 1718 cnmss

84 1717 143 1778 237,
161 1720 197 1768 24
216 1717 379 1768 constitueres
396 1717 541 1770 artata.
561 1720 701 1770 constituas
716 1713 729 1788 ΙΙ
745 1719 780 1771 20
798 1721 976 1770 certaminibus
993 1721 1147 1771 Beroaldus.

83 1779 311 1854 coronaminibnsss
333 1785 391 1846 238,
411 1802 489 1837 unum
508 1785 619 1854 quoque]
637 1803 687 1838 uno
702 1789 771 1851 quod
795 1783 810 1858 fl
834 1791 867 1840 27
883 1787 1045 1856 quamquam]
1064 1805 1113 1852 qua
1124 1784 1138 1858 Η

83 1855 117 1908 28
133 1855 216 1905 iacere
239 1854 338 1906 addidit
352 1855 444 1906 Aldus.
457 1851 470 1924 ΙΙ
482 1855 556 1923 quae]
577 1851 669 1926 quem}
687 1855 721 1907 20
740 1872 797 1907 sero
813 1857 904 1911 Aldus.
925 1861 963 1908 sic
980 1875 1046 1909 sero.

151 1922 183 1973 In
198 1925 356 1988 panepprico
379 1940 411 1975 ea
431 1940 496 1990 quae
515 1928 661 1990 praeterii
735 1925 866 1993 mcdetppi
887 1929 1020 1978 recentium
1036 1929 1145 1978 codicum

83 2000 173 2043 novata
188 1999 246 2044 aaut
263 1993 388 2052 adnotavi,
407 1995 557 2058 adscriptis,
585 1994 628 2045 abi
646 1996 751 2046 aliorum
771 1997 920 2047 coniectaria
937 2011 997 2047 usne
1014 2012 1078 2057 sara,
1103 2011 1145 2046 aa·

83 2061 187 2112 minibus
212 2068 346 2112 auctorum.
372 2077 428 2112 nam
445 2078 510 2128 qaae
526 2063 635 2114 cadiarcn
658 2065 787 2126 scriptura
804 2067 920 2115 restituta
935 2067 975 2115 oet
991 2066 1147 2116 dictinctione

82 2129 211 2180 verboram
226 2129 357 2181 emendam
374 2133 491 2191 correct,
517 2147 619 2197 quarrata
644 2138 772 2196 atramque
793 2146 871 2194 caepe
894 2132 998 2196 accidit,
1022 2133 1147 2184 adnotare

82 2201 157 2249 notai.
194 2215 274 2264 quare
292 2201 317 2249 ri
334 2215 398 2265 qaae
412 2207 518 2262 praeter
535 2215 567 2251 ea
582 2200 777 2266 praeiudicata
797 2208 855 2250 sant
871 2203 947 2251 aliter
964 2216 1036 2267 quam
1054 2203 1079 2252 in
1096 2205 1147 2252 orel-

82 2268 186 2332 paridua
209 2269 330 2331 eaenrptie
355 2270 554 2332 capadociam
574 2269 710 2334 Saitaeferi
733 2270 854 2330 editione,
884 2273 954 2321 autur
977 2269 1148 2334 discrepantia

84 2336 199 2401 adposita
216 2343 262 2402 ert,
276 2337 373 2400 scripta
388 2345 454 2398 aetat,
473 2339 582 2389 codicum
597 2340 745 2389 auctoritate
756 2340 792 2389 ita
806 2340 902 2402 scripta
920 2354 976 2390 eece
988 2341 1052 2390 sciri
1065 2342 1129 2391 colo.

22 2455 23 2468 ,
151 2405 212 2466 243,
231 2405 265 2457 23
284 2413 362 2456 totam
379 2421 426 2472 per
442 2408 569 2457 civitatem
582 2407 740 2458 mernbrarrae
761 2408 912 2470 rescriptae.
930 2423 976 2473 per
994 2415 1072 2458 totum
1086 2411 1147 2459 clri-

83 2481 160 2525 tatem
178 2471 191 2544 ΙΙ
211 2474 276 2535 240,
296 2473 329 2525 37
347 2475 459 2538 nihilque
478 2477 568 2526 ceteris
587 2501 622 2514 -
640 2475 737 2542 dispar]
766 2476 860 2526 nihile
877 2477 968 2527 ceteris
992 2477 1110 2528 differens
1121 2471 1135 2546 ΙΙ
1154 2487 1164 2506 ·

83 2541 116 2594 38
125 2544 225 2593 eminus
234 2545 337 2593 coniecit
347 2542 508 2609 Sedaeserue.
521 2547 634 2594 cominus
645 2540 659 2613 ΙΙ
670 2543 762 2595 librata
770 2545 883 2608 Lipeiue.
896 2547 996 2596 vibrate
1011 2539 1024 2614 ΙΙ
1044 2547 1103 2606 247,
1113 2546 1146 2597 20

83 2612 228 2678 Hispaniam
252 2615 394 2663 coniectura
420 2613 521 2664 addidit
539 2613 695 2678 Sclaeferur
763 2615 830 2675 251,
857 2615 890 2664 12
915 2615 984 2676 quod
1010 2614 1145 2665 Livineius.

83 2697 132 2743 qno
159 2675 166 2747 1
187 2680 252 2741 252,
270 2680 286 2731 3
302 2687 394 2731 artaret
408 2680 573 2733 Scdmarzius.
593 2683 704 2732 adstaret
757 2683 817 2741 254,
833 2680 867 2734 28
885 2684 962 2732 etiam
978 2681 1143 2734 Scirtarzius.

171 2749 230 2808 250,
242 2747 258 2801 3
268 2751 325 2813 ipsa
337 2750 451 2813 Lipsiae.
462 2751 518 2815 ipse
527 2747 543 2818 Π
553 2752 586 2800 27
601 2752 743 2816 praesterni
758 2751 870 2814 Lipsiae.
886 2751 1012 2816 prosterni
1022 2747 1036 2817 Η
1054 2751 1113 2811 202,
1130 2754 1145 2802 7

22 2853 23 2860 1
82 2833 156 2868 soror
170 2818 317 2869 Daebaeme
333 2819 420 2872 edidit.
440 2833 548 2869 sorores.
561 2814 574 2888 ΙΙ
585 2819 646 2880 205,
662 2818 721 2870 055
741 2819 880 2871 Ernestiue·
895 2827 938 2869 aut
949 2816 961 2885 ΙΙ
972 2818 1033 2880 208,
1043 2819 1077 2870 37
1096 2835 1146 2883 quo

80 2885 117 2952 111]
136 2901 187 2949 quo
205 2881 347 2956 51111200,
366 2886 382 2938 8
401 2888 449 2936 ista
465 2888 578 2952 Lipsiae.
595 2889 631 2938 115
641 2882 654 2957 ΙΙ
672 2888 706 2939 20
725 2889 857 2952 spectandi
875 2886 977 2938 Caesari
993 2887 1147 2954 Seiaeferras

80 2955 194 3005 coniecit.
220 2955 351 3020 spectandi
376 2953 524 3024 0555551511
546 2955 581 3008 28
603 2965 628 3006 15
649 2955 797 3008 Baebaerue
820 2956 927 3008 addidit.
957 2950 1016 3025 138
1040 2959 1146 3023 adoptas

83 3024 194 3086 Lipsiae.
221 3023 327 3088 adpetes
346 3018 359 3093 ss
379 3023 445 3085 278,
468 3023 484 3076 3
508 3025 595 3088 utique
612 3025 725 3089 Lipsiae.
751 3033 856 3089 uterque
873 3019 889 3093 H
909 3021 943 3076 28
966 3061 974 3090 ,
1001 3025 1034 3077 31
1058 3041 1146 3092 regare

82 3090 235 3155 Setiaeferus
250 3093 362 3142 coniecit.
380 3108 469 3158 gerere
488 3088 503 3160 Η
522 3092 586 3152 282,
605 3095 684 3144 'lhos
702 3093 860 3146 sanaretur
873 3092 972 3144 addidit
990 3089 1008 3163 ss
1026 3092 1093 3154 283,
1111 3097 1143 3148 25

81 3159 159 3210 Decet
180 3159 276 3223 alioqui
302 3160 450 3213 Duebnerm
471 3163 559 3213 edidit.
581 3170 606 3212 et
630 3163 725 3226 alioqui
748 3163 836 3226 liquet.
856 3159 870 3230 ΙΙ
889 3159 984 3220 284,1
1003 3164 1144 3228 principem

82 3236 218 3291 aequatum
238 3229 380 3280 candidatis
403 3237 427 3280 at
449 3230 525 3280 simul
544 3238 650 3281 stantem
667 3229 769 3298 intueri]
793 3231 914 3296 principis
939 3232 1144 3295 555551155ηῶ-

23 3337 24 3346 ,
81 3298 148 3346 datis
164 3304 190 3346 ct
205 3296 280 3347 simul
298 3299 401 3348 stantis:
421 3300 528 3365 contigit
545 3301 637 3350 intueri
647 3293 661 3368 ΙΙ
673 3300 704 3349 11
721 3301 825 3350 nomina
839 3298 1032 3364 suffragatorum
1050 3299 1145 3351 Setae-

79 3367 283 3421 15555551.
301 3365 496 3433 suffragatorum
514 3363 643 3436 nominali
659 3367 720 3430 285,
740 3369 755 3419 1
775 3368 1080 3433 ecquando-ecquando
1100 3370 1146 3419 Li·

82 3437 185 3487 riaeiar.
203 3436 375 3498 qnando-et
384 3437 494 3500 quando.
506 3431 519 3505 ss
531 3436 592 3498 287,
601 3436 618 3487 0
627 3437 726 3487 abicere
744 3437 881 3488 Licineitra.
901 3436 1004 3503 abigere
1014 3432 1029 3506 ΙΙ
1040 3436 1100 3497 288,
1111 3438 1145 3489 20

83 3505 187 3571 saepius
212 3505 318 3556 accudt
345 3520 381 3555 ea
406 3508 529 3570 rescripto
558 3500 571 3573 ΙΙ
602 3503 636 3556 23
659 3506 718 3556 'libi
739 3505 847 3557 lortasss
869 3503 978 3555 sufficiat
998 3507 1137 3569 rescripta
