2580 3978
503 265 740 324 caussatio,
1130 283 1157 322 1¹

86 424 251 481 veusnsimo
262 423 346 480 codice
356 421 497 479 Germanico
508 421 589 492 plures
599 421 630 478 ad
640 421 767 477 Traianum
776 422 890 492 epistulas
900 430 925 478 et
936 423 1034 496 insuper
1043 427 1157 498 quasdam

86 508 197 564 Mem
207 508 278 565 Plinii
288 507 319 564 ad
329 507 421 563 amicos
429 506 558 578 episbdas,
568 521 629 578 qnae
639 506 670 561 de
681 512 767 562 octauo
783 505 845 562 libro
861 507 1019 574 excidissent,
1043 525 1057 565 a
1073 509 1158 567 Domi·

87 593 143 649 uico
156 591 293 649 Mamiliano
303 590 396 647 Romae
410 605 439 647 so
448 591 570 662 accepisse
585 589 682 655 scribit.
703 605 733 645 ea
747 589 856 646 dubitare
877 592 961 663 nequit
980 593 1038 664 quin
1052 593 1083 650 de
1103 595 1156 665 ipso

85 677 141 733 tlrll
152 676 238 732 codice
252 674 415 748 intellegenda
429 675 485 731 sint
516 674 560 730 sed
576 689 633 730 crum
643 673 719 729 trum
734 689 779 744 pro
788 689 832 730 sna
842 674 934 732 radone
942 675 1042 734 lucrndi
1054 691 1157 750 apogra-

85 761 164 832 phum
180 760 307 833 ingeniose
329 775 343 815 a
364 759 416 814 uiro
436 759 574 814 senissimo
592 758 636 814 scd
653 757 739 814 ecdem
753 758 879 814 temerario
896 759 1066 830 interpolatum
1083 777 1155 833 quam

86 845 167 916 ipsum
180 844 290 900 codicem
305 843 374 915 sequi
395 842 519 908 maluerit,
532 842 602 898 lacile
617 841 844 914 intedegiturquam
854 842 974 898 mcortnm
983 858 1055 899 omne
1069 844 1099 900 de
1109 845 1156 900 boc

86 928 173 984 codice
182 927 296 984 reddatur
306 927 429 984 iudicium.
441 926 538 983 fuerumt
547 927 621 982 etiam
630 926 734 999 quicum
745 925 874 982 allodiceo
884 941 934 983 non
943 926 1040 984 differre
1050 929 1157 999 suspica-

86 1019 179 1068 rentur.
190 1010 556 1083 aquorumindicioutrecedam
564 1009 789 1066 cummemorabilis
800 1010 917 1082 quaedam
925 1011 1058 1082 scripturae
1066 1011 1152 1068 disere

85 1096 169 1167 panda
184 1110 225 1150 me
235 1101 330 1159 moret,
351 1096 456 1150 maximo
468 1093 533 1150 iniis
544 1093 651 1165 epistulis
662 1107 723 1165 quac
732 1100 788 1148 ante
798 1094 886 1150 lidum
898 1094 976 1152 editae
990 1110 1039 1151 non
1050 1096 1153 1160 buerunt.

87 1193 233 1252 quemqnam
243 1177 339 1234 difficile
352 1183 390 1234 est
400 1178 467 1234 dictu
477 1183 592 1250 quantum
601 1178 628 1232 in
637 1177 686 1232 boc
695 1191 785 1248 genere
796 1178 896 1234 lucundi
906 1179 1005 1250 ingenio
1015 1179 1089 1236 tribui
1098 1195 1155 1250 pos·

86 1265 126 1329 sit,
138 1270 192 1318 bum
204 1262 259 1318 didi
269 1269 296 1318 et
305 1261 418 1318 &tanaei
432 1262 611 1318 testimonium:
633 1275 735 1333 quorum
751 1267 853 1333 uterquc
869 1263 1025 1332 ep'utularum
1035 1263 1065 1318 ad
1073 1263 1155 1318 llaia·

86 1362 148 1403 num
160 1346 261 1411 liburna,
278 1346 309 1403 de
321 1345 567 1419 quoposteadicam‚
584 1345 662 1400 inillo
674 1344 757 1400 codice
767 1345 841 1402 luisse
852 1345 948 1408 dicnnt;
969 1344 1102 1402 dacnaeru
1113 1361 1155 1400 au·

87 1437 140 1486 mm
150 1430 297 1500 apontidcio
307 1445 366 1495 suo,
381 1445 453 1502 pom
463 1430 516 1504 bose
529 1430 633 1492 uiderat,
644 1427 812 1484 Germanicum
822 1444 894 1500 quem
905 1428 964 1484 dicit
974 1429 1094 1486 dbeernit

152 1513 252 1570 Uberius
265 1528 337 1586 quam
347 1528 391 1584 pro
408 1514 501 1569 ratione
516 1514 587 1569 huius
597 1511 720 1577 maone,
735 1512 761 1568 in
774 1528 820 1584 qua
830 1520 971 1584 argumenta
980 1527 1063 1569 earum
1073 1528 1155 1568 rerum

88 1615 149 1671 quas
158 1597 209 1654 diri
220 1597 352 1654 omittenda
362 1604 444 1666 erant,
458 1597 511 1654 deri
521 1596 647 1668 opertebat
658 1611 688 1652 eo
699 1595 851 1667 potissimum
862 1597 962 1653 consilio
972 1596 1035 1652 hacc
1045 1597 1154 1668 exposui,

53 1679 61 1693 '
88 1689 133 1750 nt,
158 1681 217 1736 dum
233 1681 302 1737 iustis
319 1681 497 1737 commentariis
509 1681 626 1736 instructa
639 1679 711 1736 editio
725 1686 862 1752 pararetur,
884 1680 961 1751 copiis
975 1680 1005 1736 ab
1022 1680 1153 1736 editoribus

88 1766 183 1822 collatis
194 1771 261 1820 recte
273 1779 336 1820 unus
353 1765 453 1837 quisque
462 1765 499 1820 nli
508 1771 598 1836 posset
619 1770 694 1820 restat
702 1770 732 1824 ut
746 1779 793 1835 qua
803 1763 895 1826 ratione
905 1764 993 1834 ipsein
1006 1763 1153 1820 recensendo

88 1865 148 1906 usus
161 1849 207 1904 dm
221 1848 362 1919 explicetur.
389 1850 470 1922 itaque
481 1864 537 1904 cnm
551 1847 715 1919 compluribus
730 1847 854 1904 codicibus
864 1848 966 1904 ctribus
975 1848 1153 1918 exemplaribus

89 1933 169 1990 ductis
179 1939 204 1988 et
213 1932 338 2004 paullatim
351 1932 376 1989 in
387 1931 480 1989 ltaliam
489 1932 575 1990 adlatis
585 1931 656 1988 Plinii
666 1931 807 1988 memoriam
818 1931 849 1988 ad
858 1937 966 1988 nommm
976 1938 1079 1988 nouom
1094 1946 1151 2002 pro·

89 2024 205 2090 pagatam
223 2031 277 2072 csse
286 2016 512 2082 demonstraverim,
531 2015 643 2088 equibus
654 2015 778 2072 codicibus
790 2021 840 2070 tros
851 2021 955 2071 uectem
964 2015 1085 2079 tulerunt,
1100 2014 1151 2070 lle·

89 2102 187 2158 diccrm
195 2101 259 2165 dieo,
270 2101 419 2166 Vaticanum,
432 2099 604 2164 llorontinum.
615 2098 767 2154 lliccardiani
777 2105 858 2154 autem
865 2105 978 2168 excerpta
989 2105 1079 2161 munt,
1094 2098 1150 2152 reli-

89 2199 193 2258 quorum
204 2200 236 2240 cx
245 2184 382 2240 recmtbus
393 2184 460 2240 libris
470 2184 509 2239 rel
518 2182 697 2252 manuscriptis
709 2181 748 2238 uel
756 2181 879 2251 inproeis
888 2181 993 2252 petenda
1003 2186 1041 2236 est
1050 2181 1141 2235 notitia·

89 2269 167 2325 lacilis
178 2269 261 2324 futura
271 2275 335 2324 esset
345 2268 468 2332 recensio,
482 2267 504 2323 si
514 2268 553 2324 vel
564 2266 665 2324 notabili
675 2265 827 2322 librariorum
836 2270 932 2320 butum
941 2264 1099 2338 neglegentia
1109 2279 1151 2318 an·

87 2355 156 2426 tiqna
175 2352 321 2422 exemplaria
337 2353 460 2418 distarent
478 2351 517 2408 cel
533 2351 647 2408 ltalorum
663 2348 887 2421 interpolationibus
904 2355 976 2421 atquc
984 2348 1105 2404 erroribus
1121 2347 1152 2403 ab

89 2437 194 2509 antiquis
207 2435 332 2491 codicibus
342 2443 451 2492 euentu
467 2436 615 2492 recederent.
648 2433 693 2490 sod
708 2449 737 2489 ea
747 2439 785 2488 ost
794 2433 868 2489 etiam
878 2433 942 2487 inter
956 2433 1067 2505 antiquos
1076 2431 1152 2487 libros

89 2521 223 2591 scripturae
236 2519 395 2590 discrepantia
407 2526 436 2575 nt
448 2525 504 2575 ante
515 2519 637 2575 decimum
645 2517 769 2573 meculnm
784 2516 833 2585 (ex
847 2516 893 2572 bac
902 2522 982 2572 aetate
991 2515 1151 2586 urim'stirpis

90 2603 253 2660 drersimem
263 2603 440 2673 derivavimus)
451 2603 573 2676 insignem
587 2601 745 2658 mundonem
762 2615 812 2657 non
822 2616 853 2656 ex
863 2600 989 2656 oscitantia
999 2599 1151 2655 librariorum

89 2687 134 2742 sed
143 2703 175 2742 ex
185 2686 400 2759 grammaticorum
411 2687 508 2743 arbitrio
526 2685 660 2758 prolectam
669 2684 740 2740 Plinii
754 2684 899 2755 exemplaria
915 2683 1019 2739 subiisse
1029 2688 1150 2753 appareat.

90 2785 170 2842 ueqne
187 2771 375 2841 campanea
390 2777 428 2826 est
443 2769 560 2825 librorum
571 2768 676 2824 conditio
685 2774 714 2823 ut
723 2767 821 2840 reliquis
833 2766 955 2840 negleclis
965 2781 1041 2821 unum
1050 2780 1151 2820 securus

90 2853 160 2926 sequi
180 2854 276 2924 possin
298 2854 340 2910 sed
362 2869 419 2909 cum
431 2867 475 2924 per
485 2851 566 2908 omnia
575 2866 636 2924 quac
646 2858 774 2922 supersunt
785 2850 929 2922 exemplaria
937 2856 1025 2922 uagata
1038 2849 1071 2904 sit
1078 2849 1153 2904 inter·

90 2937 190 3008 pelolio,
200 2937 253 2992 deri
261 2937 344 3010 nequit
353 2936 411 3010 quin
421 2935 509 2992 iudicio
520 2935 626 2992 adhibito
632 2935 706 2992 modo
716 2934 781 2990 bunc
790 2933 1031 2991 modoillumducem
1036 2932 1143 3004 sequaris

90 3035 164 3091 saepe
174 3036 189 3077 a
198 3036 246 3094 qua
256 3027 324 3093 parto
333 3019 447 3076 standum
456 3020 488 3076 sit
498 3020 605 3075 incertus
613 3019 720 3074 haereas.
746 3031 820 3090 quare
839 3031 983 3089 quamquam
1001 3015 1095 3072 nullum
1115 3022 1153 3069 ert

92 3105 275 3162 fundamentum
284 3104 417 3174 scripturae
426 3104 484 3160 sads
496 3101 592 3159 lirmum
602 3109 628 3158 ct
638 3101 668 3158 ab
679 3102 745 3157 omni
754 3101 888 3172 suspitione
895 3106 989 3168 tutum,
1008 3104 1090 3154 tamen
1101 3094 1152 3152 lle·

91 3188 176 3244 diceus
181 3188 267 3257 codem
279 3193 412 3244 utnumero
417 3186 534 3244 librorum
544 3187 649 3260 reliquos
654 3191 847 3256 omnessuperat,
859 3185 892 3240 ita
903 3183 1034 3253 scripturae
1043 3181 1153 3238 bonitate

91 3272 198 3343 primurn
210 3271 257 3328 sbi
268 3271 357 3328 adserit
365 3271 456 3328 locum.
475 3269 522 3326 nisi
532 3271 597 3342 qnod
607 3271 632 3325 in
644 3270 711 3325 libris
720 3275 834 3343 quattuor
842 3268 926 3340 primis
937 3281 979 3337 par
987 3265 1045 3321 huic
1055 3265 1152 3336 origine

91 3355 135 3412 sed
146 3356 281 3412 accuratius
290 3355 395 3425 scriptus
403 3353 533 3416 videone
545 3353 624 3410 codex
635 3353 726 3410 maiore
736 3353 810 3409 diam
819 3352 890 3408 laudo
900 3351 989 3422 dignos
999 3355 1044 3405 est
1064 3347 1152 3420 quibus

92 3439 218 3496 codicibus
228 3439 270 3512 qui
280 3439 305 3495 in
315 3439 396 3509 priore
406 3443 474 3508 parte
483 3437 640 3508 epistularum
650 3437 781 3505 amodum,
793 3435 934 3508 antiquitate
943 3433 994 3490 lere
1004 3447 1081 3504 pares,
1094 3430 1151 3486 llic·

94 3522 220 3580 arduus
230 3529 256 3578 ct
264 3521 424 3588 llorentinus,
434 3521 459 3588 ii,
471 3521 580 3594 quamuis
595 3521 737 3578 auctoritate
752 3520 877 3577 inferiores
888 3519 935 3574 sint
947 3517 1010 3585 (non
1023 3517 1153 3571 satisrocto
