<?xml version="1.0" encoding="UTF-8"?>
<!DOCTYPE html PUBLIC "-//W3C//DTD XHTML 1.0 Transitional//EN"
    "http://www.w3.org/TR/xhtml1/DTD/xhtml1-transitional.dtd">
<html xmlns="http://www.w3.org/1999/xhtml" xml:lang="en" lang="en">
 <head>
  <title>
</title>
<meta http-equiv="Content-Type" content="text/html;charset=utf-8" />
  <meta name='ocr-system' content='tesseract 3.04.00' />
  <meta name='ocr-capabilities' content='ocr_page ocr_carea ocr_par ocr_line ocrx_word'/>
</head>
<body>
  <div class='ocr_page' id='page_1' title='image "./cplinicaecilise05plingoog_0098.png"; bbox 0 0 2584 3972; ppageno 0'>
   <div class='ocr_carea' id='block_1_1' title="bbox 366 250 1109 317">
    <p class='ocr_par' dir='ltr' id='par_1_1' title="bbox 366 250 1109 317">
     <span class='ocr_line' id='line_1_1' title="bbox 366 250 1109 317; baseline 0.003 -3"><span class='ocrx_word' id='word_1_1' title='bbox 366 251 629 314; x_wconf 80' lang='lat' dir='ltr'><strong>EPISTULARUM</strong></span> <span class='ocrx_word' id='word_1_2' title='bbox 643 250 709 314; x_wconf 90' lang='lat' dir='ltr'><strong>llll.</strong></span> <span class='ocrx_word' id='word_1_3' title='bbox 733 264 758 315; x_wconf 91' lang='lat'><strong>1.</strong></span> <span class='ocrx_word' id='word_1_4' title='bbox 772 263 799 316; x_wconf 74' lang='lat' dir='ltr'><strong>t.</strong></span> <span class='ocrx_word' id='word_1_5' title='bbox 815 263 841 315; x_wconf 87' lang='lat'><strong>3.</strong></span> <span class='ocrx_word' id='word_1_6' title='bbox 1068 253 1109 317; x_wconf 85' lang='grc'><strong>67</strong></span> 
     </span>
    </p>
   </div>
   <div class='ocr_carea' id='block_1_2' title="bbox 28 403 1208 1743">
    <p class='ocr_par' dir='ltr' id='par_1_2' title="bbox 28 403 1208 1743">
     <span class='ocr_line' id='line_1_2' title="bbox 109 403 1108 484; baseline 0.002 -20"><span class='ocrx_word' id='word_1_7' title='bbox 109 403 250 466; x_wconf 89' lang='lat' dir='ltr'><strong>mannulos</strong></span> <span class='ocrx_word' id='word_1_8' title='bbox 267 405 370 467; x_wconf 90' lang='lat' dir='ltr'><strong>multos</strong></span> <span class='ocrx_word' id='word_1_9' title='bbox 391 414 420 465; x_wconf 90' lang='lat' dir='ltr'><strong>et</strong></span> <span class='ocrx_word' id='word_1_10' title='bbox 438 407 551 465; x_wconf 88' lang='lat' dir='ltr'><strong>iunctos</strong></span> <span class='ocrx_word' id='word_1_11' title='bbox 566 414 596 466; x_wconf 89' lang='lat' dir='ltr'><strong>et</strong></span> <span class='ocrx_word' id='word_1_12' title='bbox 610 404 734 484; x_wconf 88' lang='lat' dir='ltr'><strong>solutos,</strong></span> <span class='ocrx_word' id='word_1_13' title='bbox 750 405 873 466; x_wconf 87' lang='lat' dir='ltr'><strong>habebat</strong></span> <span class='ocrx_word' id='word_1_14' title='bbox 885 423 972 465; x_wconf 90' lang='lat' dir='ltr'><strong>canes</strong></span> <span class='ocrx_word' id='word_1_15' title='bbox 986 405 1108 466; x_wconf 87' lang='lat' dir='ltr'><strong>maiores</strong></span> 
     </span>
     <span class='ocr_line' id='line_1_3' title="bbox 108 487 1108 569; baseline 0.001 -21"><span class='ocrx_word' id='word_1_16' title='bbox 108 490 294 569; x_wconf 80' lang='lat' dir='ltr'>minoresque,</span> <span class='ocrx_word' id='word_1_17' title='bbox 306 488 428 549; x_wconf 88' lang='lat' dir='ltr'><strong>habebat</strong></span> <span class='ocrx_word' id='word_1_18' title='bbox 439 487 585 564; x_wconf 88' lang='lat' dir='ltr'><strong>luscinias,</strong></span> <span class='ocrx_word' id='word_1_19' title='bbox 596 491 744 568; x_wconf 70' lang='lat' dir='ltr'><strong>psittacos,</strong></span> <span class='ocrx_word' id='word_1_20' title='bbox 756 488 894 550; x_wconf 89' lang='lat' dir='ltr'><strong>merulas:</strong></span> <span class='ocrx_word' id='word_1_21' title='bbox 906 488 1108 568; x_wconf 82' lang='lat' dir='ltr'><strong>omnesllegu·</strong></span> 
     </span>
     <span class='ocr_line' id='line_1_4' title="bbox 108 570 1134 652; baseline 0.002 -20"><span class='ocrx_word' id='word_1_22' title='bbox 108 572 148 633; x_wconf 90' lang='lat' dir='ltr'><strong>lus</strong></span> <span class='ocrx_word' id='word_1_23' title='bbox 162 574 238 633; x_wconf 87' lang='lat' dir='ltr'><strong>circa</strong></span> <span class='ocrx_word' id='word_1_24' title='bbox 248 590 350 652; x_wconf 78' lang='lat' dir='ltr'><strong>rogum</strong></span> <span class='ocrx_word' id='word_1_25' title='bbox 363 570 520 633; x_wconf 77' lang='lat' dir='ltr'><strong>trucidavit.</strong></span> <span class='ocrx_word' id='word_1_26' title='bbox 550 570 612 632; x_wconf 90' lang='lat' dir='ltr'><strong>Nec</strong></span> <span class='ocrx_word' id='word_1_27' title='bbox 630 572 714 633; x_wconf 93' lang='lat' dir='ltr'><strong>dolor</strong></span> <span class='ocrx_word' id='word_1_28' title='bbox 730 581 790 634; x_wconf 91' lang='lat' dir='ltr'><strong>erat</strong></span> <span class='ocrx_word' id='word_1_29' title='bbox 803 572 865 651; x_wconf 92' lang='lat' dir='ltr'><strong>ille,</strong></span> <span class='ocrx_word' id='word_1_30' title='bbox 885 573 938 633; x_wconf 91' lang='lat' dir='ltr'><strong>sed</strong></span> <span class='ocrx_word' id='word_1_31' title='bbox 957 575 1134 634; x_wconf 84' lang='lat' dir='ltr'><strong>ostentati04</strong></span> 
     </span>
     <span class='ocr_line' id='line_1_5' title="bbox 108 653 1108 718; baseline 0.002 -2"><span class='ocrx_word' id='word_1_32' title='bbox 108 655 217 716; x_wconf 88' lang='lat' dir='ltr'><strong>doloris.</strong></span> <span class='ocrx_word' id='word_1_33' title='bbox 231 653 404 718; x_wconf 75' lang='lat' dir='ltr'><strong>Convenitur</strong></span> <span class='ocrx_word' id='word_1_34' title='bbox 415 655 450 716; x_wconf 92' lang='lat' dir='ltr'><strong>ad</strong></span> <span class='ocrx_word' id='word_1_35' title='bbox 461 673 526 716; x_wconf 90' lang='lat' dir='ltr'><strong>eum</strong></span> <span class='ocrx_word' id='word_1_36' title='bbox 536 657 604 717; x_wconf 91' lang='lat' dir='ltr'><strong>mira</strong></span> <span class='ocrx_word' id='word_1_37' title='bbox 616 656 793 718; x_wconf 78' lang='lat' dir='ltr'><strong>celebritate.</strong></span> <span class='ocrx_word' id='word_1_38' title='bbox 820 654 922 718; x_wconf 79' lang='lat' dir='ltr'><strong>Cuncti</strong></span> <span class='ocrx_word' id='word_1_39' title='bbox 933 655 1108 718; x_wconf 90' lang='lat' dir='ltr'><strong>detestantur</strong></span> 
     </span>
     <span class='ocr_line' id='line_1_6' title="bbox 87 738 1105 821; baseline 0.001 -22"><span class='ocrx_word' id='word_1_40' title='bbox 87 739 238 817; x_wconf 80' lang='lat' dir='ltr'><strong>toderunt,</strong></span> <span class='ocrx_word' id='word_1_41' title='bbox 255 749 285 800; x_wconf 88' lang='lat' dir='ltr'><strong>et</strong></span> <span class='ocrx_word' id='word_1_42' title='bbox 296 741 375 821; x_wconf 88' lang='lat' dir='ltr'><strong>quasi</strong></span> <span class='ocrx_word' id='word_1_43' title='bbox 387 740 525 819; x_wconf 91' lang='lat' dir='ltr'><strong>probent,</strong></span> <span class='ocrx_word' id='word_1_44' title='bbox 540 740 620 818; x_wconf 81' lang='lat' dir='ltr'><strong>quasi</strong></span> <span class='ocrx_word' id='word_1_45' title='bbox 631 738 764 820; x_wconf 77' lang='lat' dir='ltr'><strong>diligant,</strong></span> <span class='ocrx_word' id='word_1_46' title='bbox 785 750 898 802; x_wconf 90' lang='lat' dir='ltr'><strong>cursant</strong></span> <span class='ocrx_word' id='word_1_47' title='bbox 914 739 1105 819; x_wconf 82' lang='lat' dir='ltr'><strong>frequentant,</strong></span> 
     </span>
     <span class='ocr_line' id='line_1_7' title="bbox 108 823 1107 904; baseline 0.001 -21"><span class='ocrx_word' id='word_1_48' title='bbox 108 832 190 903; x_wconf 91' lang='lat' dir='ltr'><strong>utque</strong></span> <span class='ocrx_word' id='word_1_49' title='bbox 202 825 331 885; x_wconf 85' lang='lat' dir='ltr'><strong>breviter</strong></span> <span class='ocrx_word' id='word_1_50' title='bbox 342 823 420 904; x_wconf 93' lang='lat' dir='ltr'><strong>quod</strong></span> <span class='ocrx_word' id='word_1_51' title='bbox 431 824 522 892; x_wconf 89' lang='lat' dir='ltr'><strong>sentio</strong></span> <span class='ocrx_word' id='word_1_52' title='bbox 535 825 687 899; x_wconf 89' lang='lat' dir='ltr'><strong>enuntiem,</strong></span> <span class='ocrx_word' id='word_1_53' title='bbox 702 827 731 884; x_wconf 88' lang='lat' dir='ltr'><strong>in</strong></span> <span class='ocrx_word' id='word_1_54' title='bbox 741 823 855 902; x_wconf 83' lang='lat' dir='ltr'><strong>Regulo</strong></span> <span class='ocrx_word' id='word_1_55' title='bbox 868 824 1039 886; x_wconf 89' lang='lat' dir='ltr'><strong>demerendo</strong></span> <span class='ocrx_word' id='word_1_56' title='bbox 1050 823 1107 884; x_wconf 85' lang='lat' dir='ltr'><strong>lle·</strong></span> 
     </span>
     <span class='ocr_line' id='line_1_8' title="bbox 107 905 1132 986; baseline 0.001 -21"><span class='ocrx_word' id='word_1_57' title='bbox 107 907 199 984; x_wconf 78' lang='lat' dir='ltr'><strong>pulum</strong></span> <span class='ocrx_word' id='word_1_58' title='bbox 215 908 365 968; x_wconf 89' lang='lat' dir='ltr'><strong>imitantur.</strong></span> <span class='ocrx_word' id='word_1_59' title='bbox 397 905 489 968; x_wconf 80' lang='lat' dir='ltr'><strong>&#39;leuet</strong></span> <span class='ocrx_word' id='word_1_60' title='bbox 504 925 538 967; x_wconf 90' lang='lat' dir='ltr'><strong>se</strong></span> <span class='ocrx_word' id='word_1_61' title='bbox 554 917 630 968; x_wconf 89' lang='lat' dir='ltr'><strong>trans</strong></span> <span class='ocrx_word' id='word_1_62' title='bbox 648 907 771 969; x_wconf 88' lang='lat' dir='ltr'><strong>Tiberim</strong></span> <span class='ocrx_word' id='word_1_63' title='bbox 788 909 817 968; x_wconf 91' lang='lat' dir='ltr'><strong>in</strong></span> <span class='ocrx_word' id='word_1_64' title='bbox 831 908 937 986; x_wconf 88' lang='lat' dir='ltr'><strong>bortis,</strong></span> <span class='ocrx_word' id='word_1_65' title='bbox 960 909 988 968; x_wconf 92' lang='lat' dir='ltr'><strong>in</strong></span> <span class='ocrx_word' id='word_1_66' title='bbox 1005 909 1132 986; x_wconf 76' lang='lat' dir='ltr'><strong>quibust</strong></span> 
     </span>
     <span class='ocr_line' id='line_1_9' title="bbox 107 990 1107 1071; baseline 0 -20"><span class='ocrx_word' id='word_1_67' title='bbox 107 991 268 1053; x_wconf 91' lang='lat' dir='ltr'><strong>latissimum</strong></span> <span class='ocrx_word' id='word_1_68' title='bbox 282 990 542 1070; x_wconf 87' lang='lat' dir='ltr'><strong>solumporticibus</strong></span> <span class='ocrx_word' id='word_1_69' title='bbox 553 993 704 1069; x_wconf 89' lang='lat' dir='ltr'><strong>inmensis,</strong></span> <span class='ocrx_word' id='word_1_70' title='bbox 723 993 813 1071; x_wconf 87' lang='lat' dir='ltr'><strong>ripam</strong></span> <span class='ocrx_word' id='word_1_71' title='bbox 831 992 930 1053; x_wconf 84' lang='lat' dir='ltr'><strong>statuis</strong></span> <span class='ocrx_word' id='word_1_72' title='bbox 948 993 1008 1052; x_wconf 91' lang='lat' dir='ltr'><strong>suis</strong></span> <span class='ocrx_word' id='word_1_73' title='bbox 1020 1009 1107 1053; x_wconf 93' lang='lat' dir='ltr'><strong>occu-</strong></span> 
     </span>
     <span class='ocr_line' id='line_1_10' title="bbox 28 1075 1108 1154; baseline 0.001 -19"><span class='ocrx_word' id='word_1_74' title='bbox 28 1137 29 1144; x_wconf 41' lang='lat'><strong>,</strong></span> <span class='ocrx_word' id='word_1_75' title='bbox 108 1077 194 1153; x_wconf 86' lang='lat' dir='ltr'><strong>parit,</strong></span> <span class='ocrx_word' id='word_1_76' title='bbox 211 1085 243 1137; x_wconf 90' lang='lat' dir='ltr'><strong>ut</strong></span> <span class='ocrx_word' id='word_1_77' title='bbox 263 1077 347 1138; x_wconf 89' lang='lat' dir='ltr'><strong>estin</strong></span> <span class='ocrx_word' id='word_1_78' title='bbox 361 1093 470 1138; x_wconf 90' lang='lat' dir='ltr'><strong>summa</strong></span> <span class='ocrx_word' id='word_1_79' title='bbox 481 1076 600 1136; x_wconf 87' lang='lat' dir='ltr'><strong>avaritia</strong></span> <span class='ocrx_word' id='word_1_80' title='bbox 611 1084 808 1154; x_wconf 89' lang='lat' dir='ltr'><strong>sumptuosus,</strong></span> <span class='ocrx_word' id='word_1_81' title='bbox 828 1077 857 1134; x_wconf 91' lang='lat' dir='ltr'><strong>in</strong></span> <span class='ocrx_word' id='word_1_82' title='bbox 874 1093 980 1136; x_wconf 91' lang='lat' dir='ltr'><strong>summa</strong></span> <span class='ocrx_word' id='word_1_83' title='bbox 996 1075 1108 1136; x_wconf 81' lang='lat' dir='ltr'><strong>infamia</strong></span> 
     </span>
     <span class='ocr_line' id='line_1_11' title="bbox 75 1158 1133 1238; baseline -0.004 -16"><span class='ocrx_word' id='word_1_84' title='bbox 75 1158 256 1236; x_wconf 76' lang='lat' dir='ltr'><strong>ingloriosus.</strong></span> <span class='ocrx_word' id='word_1_85' title='bbox 287 1159 383 1220; x_wconf 87' lang='lat' dir='ltr'><strong>Vexat</strong></span> <span class='ocrx_word' id='word_1_86' title='bbox 407 1174 478 1236; x_wconf 80' lang='lat' dir='ltr'><strong>ergo</strong></span> <span class='ocrx_word' id='word_1_87' title='bbox 505 1161 647 1220; x_wconf 84' lang='lat' dir='ltr'><strong>civitatem</strong></span> <span class='ocrx_word' id='word_1_88' title='bbox 669 1158 884 1220; x_wconf 85' lang='lat' dir='ltr'><strong>insaluberrimo</strong></span> <span class='ocrx_word' id='word_1_89' title='bbox 908 1167 1054 1238; x_wconf 92' lang='lat' dir='ltr'><strong>tempore,</strong></span> <span class='ocrx_word' id='word_1_90' title='bbox 1079 1163 1133 1219; x_wconf 85' lang='lat' dir='ltr'><strong>eto</strong></span> 
     </span>
     <span class='ocr_line' id='line_1_12' title="bbox 109 1241 1208 1321; baseline 0 -18"><span class='ocrx_word' id='word_1_91' title='bbox 109 1243 178 1321; x_wconf 93' lang='lat' dir='ltr'><strong>quod</strong></span> <span class='ocrx_word' id='word_1_92' title='bbox 188 1251 276 1306; x_wconf 84' lang='lat' dir='ltr'><strong>vexat</strong></span> <span class='ocrx_word' id='word_1_93' title='bbox 292 1242 431 1306; x_wconf 90' lang='lat' dir='ltr'><strong>solacium</strong></span> <span class='ocrx_word' id='word_1_94' title='bbox 447 1250 536 1321; x_wconf 89' lang='lat' dir='ltr'><strong>putat.</strong></span> <span class='ocrx_word' id='word_1_95' title='bbox 556 1242 634 1303; x_wconf 88' lang='lat' dir='ltr'><strong>Dicit</strong></span> <span class='ocrx_word' id='word_1_96' title='bbox 644 1261 677 1302; x_wconf 88' lang='lat' dir='ltr'><strong>se</strong></span> <span class='ocrx_word' id='word_1_97' title='bbox 688 1242 764 1303; x_wconf 86' lang='lat' dir='ltr'><strong>velle</strong></span> <span class='ocrx_word' id='word_1_98' title='bbox 777 1241 889 1311; x_wconf 85' lang='lat' dir='ltr'><strong>ducere¹</strong></span> <span class='ocrx_word' id='word_1_99' title='bbox 899 1260 1031 1303; x_wconf 87' lang='lat' dir='ltr'><strong>uxorem:</strong></span> <span class='ocrx_word' id='word_1_100' title='bbox 1050 1243 1107 1303; x_wconf 90' lang='lat' dir='ltr'><strong>boc</strong></span> <span class='ocrx_word' id='word_1_101' title='bbox 1203 1272 1208 1277; x_wconf 93' lang='lat'><em>·</em></span> 
     </span>
     <span class='ocr_line' id='line_1_13' title="bbox 108 1324 1131 1406; baseline -0.004 -20"><span class='ocrx_word' id='word_1_102' title='bbox 108 1343 233 1406; x_wconf 92' lang='lat' dir='ltr'><strong>quoqne,</strong></span> <span class='ocrx_word' id='word_1_103' title='bbox 254 1329 328 1387; x_wconf 91' lang='lat' dir='ltr'><strong>sicut</strong></span> <span class='ocrx_word' id='word_1_104' title='bbox 347 1325 418 1403; x_wconf 88' lang='lat' dir='ltr'><strong>alia,</strong></span> <span class='ocrx_word' id='word_1_105' title='bbox 438 1344 585 1404; x_wconf 87' lang='lat' dir='ltr'><strong>perverse.</strong></span> <span class='ocrx_word' id='word_1_106' title='bbox 619 1324 727 1388; x_wconf 79' lang='lat' dir='ltr'><strong>Audies</strong></span> <span class='ocrx_word' id='word_1_107' title='bbox 744 1327 825 1386; x_wconf 86' lang='lat' dir='ltr'><strong>brevi</strong></span> <span class='ocrx_word' id='word_1_108' title='bbox 843 1326 955 1403; x_wconf 89' lang='lat' dir='ltr'><strong>nuptias</strong></span> <span class='ocrx_word' id='word_1_109' title='bbox 969 1325 1131 1405; x_wconf 59' lang='lat' dir='ltr'><strong>lugentis?</strong></span> 
     </span>
     <span class='ocr_line' id='line_1_14' title="bbox 107 1409 1105 1490; baseline 0.001 -21"><span class='ocrx_word' id='word_1_110' title='bbox 107 1413 211 1490; x_wconf 90' lang='lat' dir='ltr'><strong>nuptias</strong></span> <span class='ocrx_word' id='word_1_111' title='bbox 229 1413 321 1480; x_wconf 88' lang='lat' dir='ltr'><strong>senis;</strong></span> <span class='ocrx_word' id='word_1_112' title='bbox 344 1427 464 1490; x_wconf 91' lang='lat' dir='ltr'><strong>quorum</strong></span> <span class='ocrx_word' id='word_1_113' title='bbox 480 1409 599 1471; x_wconf 86' lang='lat' dir='ltr'><strong>alterum</strong></span> <span class='ocrx_word' id='word_1_114' title='bbox 610 1413 785 1471; x_wconf 90' lang='lat' dir='ltr'><strong>immaturum</strong></span> <span class='ocrx_word' id='word_1_115' title='bbox 801 1409 920 1469; x_wconf 86' lang='lat' dir='ltr'><strong>alterum</strong></span> <span class='ocrx_word' id='word_1_116' title='bbox 939 1427 1034 1468; x_wconf 85' lang='lat' dir='ltr'><strong>serum</strong></span> <span class='ocrx_word' id='word_1_117' title='bbox 1052 1418 1105 1470; x_wconf 87' lang='lat' dir='ltr'><strong>est.</strong></span> 
     </span>
     <span class='ocr_line' id='line_1_15' title="bbox 107 1493 1133 1574; baseline -0.004 -21"><span class='ocrx_word' id='word_1_118' title='bbox 107 1493 182 1555; x_wconf 91' lang='lat' dir='ltr'><strong>Unde</strong></span> <span class='ocrx_word' id='word_1_119' title='bbox 191 1495 249 1556; x_wconf 89' lang='lat' dir='ltr'><strong>boc</strong></span> <span class='ocrx_word' id='word_1_120' title='bbox 260 1513 383 1573; x_wconf 81' lang='lat' dir='ltr'><strong>augurer</strong></span> <span class='ocrx_word' id='word_1_121' title='bbox 395 1496 523 1573; x_wconf 88' lang='lat' dir='ltr'><strong>quaeris:</strong></span> <span class='ocrx_word' id='word_1_122' title='bbox 546 1510 602 1554; x_wconf 91' lang='lat' dir='ltr'><strong>non</strong></span> <span class='ocrx_word' id='word_1_123' title='bbox 621 1495 685 1574; x_wconf 90' lang='lat' dir='ltr'><strong>quia</strong></span> <span class='ocrx_word' id='word_1_124' title='bbox 697 1494 822 1555; x_wconf 89' lang='lat' dir='ltr'><strong>adfirmat</strong></span> <span class='ocrx_word' id='word_1_125' title='bbox 832 1495 908 1572; x_wconf 91' lang='lat' dir='ltr'><strong>ipse,</strong></span> <span class='ocrx_word' id='word_1_126' title='bbox 922 1511 979 1573; x_wconf 94' lang='lat' dir='ltr'><strong>quo</strong></span> <span class='ocrx_word' id='word_1_127' title='bbox 993 1493 1133 1555; x_wconf 86' lang='lat' dir='ltr'><strong>menda-8</strong></span> 
     </span>
     <span class='ocr_line' id='line_1_16' title="bbox 76 1577 1151 1658; baseline 0.007 -27"><span class='ocrx_word' id='word_1_128' title='bbox 76 1578 238 1640; x_wconf 85' lang='lat' dir='ltr'><strong>ltciusnihil</strong></span> <span class='ocrx_word' id='word_1_129' title='bbox 252 1587 307 1657; x_wconf 89' lang='lat' dir='ltr'><strong>est,</strong></span> <span class='ocrx_word' id='word_1_130' title='bbox 320 1577 372 1639; x_wconf 91' lang='lat' dir='ltr'><strong>sed</strong></span> <span class='ocrx_word' id='word_1_131' title='bbox 385 1581 449 1657; x_wconf 91' lang='lat' dir='ltr'><strong>quia</strong></span> <span class='ocrx_word' id='word_1_132' title='bbox 467 1585 574 1638; x_wconf 89' lang='lat' dir='ltr'><strong>certum</strong></span> <span class='ocrx_word' id='word_1_133' title='bbox 586 1587 630 1640; x_wconf 90' lang='lat' dir='ltr'><strong>est</strong></span> <span class='ocrx_word' id='word_1_134' title='bbox 641 1578 783 1657; x_wconf 85' lang='lat' dir='ltr'><strong>Regulum</strong></span> <span class='ocrx_word' id='word_1_135' title='bbox 795 1596 862 1639; x_wconf 87' lang='lat' dir='ltr'><strong>esse</strong></span> <span class='ocrx_word' id='word_1_136' title='bbox 876 1577 1014 1638; x_wconf 89' lang='lat' dir='ltr'><strong>iacturum</strong></span> <span class='ocrx_word' id='word_1_137' title='bbox 1027 1579 1105 1657; x_wconf 91' lang='lat' dir='ltr'><strong>quid·</strong></span> <span class='ocrx_word' id='word_1_138' title='bbox 1128 1651 1131 1658; x_wconf 27' lang='lat' dir='ltr'><em>s</em></span> <span class='ocrx_word' id='word_1_139' title='bbox 1148 1641 1151 1646; x_wconf 79' lang='grc'>,</span> 
     </span>
     <span class='ocr_line' id='line_1_17' title="bbox 108 1660 556 1743; baseline -0.002 -21"><span class='ocrx_word' id='word_1_140' title='bbox 108 1661 239 1740; x_wconf 89' lang='lat' dir='ltr'><strong>quidlieri</strong></span> <span class='ocrx_word' id='word_1_141' title='bbox 251 1679 308 1722; x_wconf 92' lang='lat' dir='ltr'><strong>non</strong></span> <span class='ocrx_word' id='word_1_142' title='bbox 321 1670 445 1743; x_wconf 91' lang='lat' dir='ltr'><strong>oportet.</strong></span> <span class='ocrx_word' id='word_1_143' title='bbox 475 1660 556 1722; x_wconf 86' lang='lat' dir='ltr'><strong>Vale.</strong></span> 
     </span>
    </p>
   </div>
   <div class='ocr_carea' id='block_1_3' title="bbox 362 1795 846 1948">
    <p class='ocr_par' dir='ltr' id='par_1_3' title="bbox 362 1795 846 1948">
     <span class='ocr_line' id='line_1_18' title="bbox 577 1795 627 1858; baseline 0.04 -2"><span class='ocrx_word' id='word_1_144' title='bbox 577 1795 627 1858; x_wconf 91' lang='lat'><strong>111.</strong></span> 
     </span>
     <span class='ocr_line' id='line_1_19' title="bbox 362 1893 846 1948; baseline 0.008 -4"><span class='ocrx_word' id='word_1_145' title='bbox 362 1894 389 1946; x_wconf 79' lang='lat' dir='ltr'><strong>c,</strong></span> <span class='ocrx_word' id='word_1_146' title='bbox 410 1893 536 1946; x_wconf 77' lang='lat' dir='ltr'><strong>annulus</strong></span> <span class='ocrx_word' id='word_1_147' title='bbox 555 1895 719 1948; x_wconf 80' lang='lat' dir='ltr'><strong>onuomno</strong></span> <span class='ocrx_word' id='word_1_148' title='bbox 739 1895 798 1948; x_wconf 88' lang='lat' dir='ltr'><strong>suo</strong></span> <span class='ocrx_word' id='word_1_149' title='bbox 819 1896 846 1948; x_wconf 80' lang='lat' dir='ltr'><strong>s,</strong></span> 
     </span>
    </p>
   </div>
   <div class='ocr_carea' id='block_1_4' title="bbox 76 1995 1134 3494">
    <p class='ocr_par' dir='ltr' id='par_1_4' title="bbox 76 1995 1134 3494">
     <span class='ocr_line' id='line_1_20' title="bbox 76 1995 1132 2076; baseline 0.005 -23"><span class='ocrx_word' id='word_1_150' title='bbox 76 1999 104 2053; x_wconf 82' lang='lat' dir='ltr'><strong>to</strong></span> <span class='ocrx_word' id='word_1_151' title='bbox 168 1995 253 2070; x_wconf 66' lang='lat' dir='ltr'><strong>ouon</strong></span> <span class='ocrx_word' id='word_1_152' title='bbox 265 1995 355 2056; x_wconf 86' lang='lat' dir='ltr'><strong>semel</strong></span> <span class='ocrx_word' id='word_1_153' title='bbox 367 2005 453 2076; x_wconf 92' lang='lat' dir='ltr'><strong>atque</strong></span> <span class='ocrx_word' id='word_1_154' title='bbox 465 1999 567 2057; x_wconf 90' lang='lat' dir='ltr'><strong>iterum</strong></span> <span class='ocrx_word' id='word_1_155' title='bbox 579 1997 678 2058; x_wconf 88' lang='lat' dir='ltr'><strong>consul</strong></span> <span class='ocrx_word' id='word_1_156' title='bbox 689 1998 766 2058; x_wconf 89' lang='lat' dir='ltr'><strong>luisti</strong></span> <span class='ocrx_word' id='word_1_157' title='bbox 777 1997 875 2059; x_wconf 91' lang='lat' dir='ltr'><strong>similis</strong></span> <span class='ocrx_word' id='word_1_158' title='bbox 886 1999 1018 2076; x_wconf 84' lang='lat' dir='ltr'><strong>antiquis,</strong></span> <span class='ocrx_word' id='word_1_159' title='bbox 1030 1996 1132 2074; x_wconf 92' lang='lat' dir='ltr'><strong>quodl</strong></span> 
     </span>
     <span class='ocr_line' id='line_1_21' title="bbox 108 2079 1108 2160; baseline 0.001 -22"><span class='ocrx_word' id='word_1_160' title='bbox 108 2079 257 2157; x_wconf 90' lang='lat' dir='ltr'><strong>proconsul</strong></span> <span class='ocrx_word' id='word_1_161' title='bbox 274 2079 378 2158; x_wconf 81' lang='lat' dir='ltr'><strong>Asiae,</strong></span> <span class='ocrx_word' id='word_1_162' title='bbox 403 2079 494 2160; x_wconf 87' lang='lat' dir='ltr'><strong>qualis</strong></span> <span class='ocrx_word' id='word_1_163' title='bbox 512 2090 576 2141; x_wconf 88' lang='lat' dir='ltr'><strong>ante</strong></span> <span class='ocrx_word' id='word_1_164' title='bbox 593 2090 639 2158; x_wconf 89' lang='lat' dir='ltr'><strong>te,</strong></span> <span class='ocrx_word' id='word_1_165' title='bbox 663 2081 753 2160; x_wconf 89' lang='lat' dir='ltr'><strong>qualis</strong></span> <span class='ocrx_word' id='word_1_166' title='bbox 774 2089 886 2158; x_wconf 91' lang='lat' dir='ltr'><strong>postte</strong></span> <span class='ocrx_word' id='word_1_167' title='bbox 906 2081 953 2142; x_wconf 85' lang='lat' dir='ltr'><strong>rix</strong></span> <span class='ocrx_word' id='word_1_168' title='bbox 972 2097 1043 2140; x_wconf 87' lang='lat' dir='ltr'><strong>unus</strong></span> <span class='ocrx_word' id='word_1_169' title='bbox 1061 2089 1108 2140; x_wconf 89' lang='lat' dir='ltr'><strong>aut</strong></span> 
     </span>
     <span class='ocr_line' id='line_1_22' title="bbox 109 2162 1108 2245; baseline 0 -23"><span class='ocrx_word' id='word_1_170' title='bbox 109 2162 173 2225; x_wconf 87' lang='lat' dir='ltr'><strong>alter</strong></span> <span class='ocrx_word' id='word_1_171' title='bbox 188 2166 263 2245; x_wconf 92' lang='lat' dir='ltr'><strong>(non</strong></span> <span class='ocrx_word' id='word_1_172' title='bbox 279 2165 346 2225; x_wconf 91' lang='lat' dir='ltr'><strong>sinit</strong></span> <span class='ocrx_word' id='word_1_173' title='bbox 362 2166 435 2226; x_wconf 89' lang='lat' dir='ltr'><strong>enirn</strong></span> <span class='ocrx_word' id='word_1_174' title='bbox 450 2182 495 2224; x_wconf 90' lang='lat' dir='ltr'><strong>mc</strong></span> <span class='ocrx_word' id='word_1_175' title='bbox 512 2162 684 2224; x_wconf 84' lang='lat' dir='ltr'><strong>verecundia</strong></span> <span class='ocrx_word' id='word_1_176' title='bbox 702 2173 750 2224; x_wconf 88' lang='lat' dir='ltr'><strong>tua</strong></span> <span class='ocrx_word' id='word_1_177' title='bbox 771 2163 869 2224; x_wconf 89' lang='lat' dir='ltr'><strong>dicere</strong></span> <span class='ocrx_word' id='word_1_178' title='bbox 890 2164 1008 2242; x_wconf 89' lang='lat' dir='ltr'><strong>nemo),</strong></span> <span class='ocrx_word' id='word_1_179' title='bbox 1031 2163 1108 2242; x_wconf 90' lang='lat' dir='ltr'><strong>quod</strong></span> 
     </span>
     <span class='ocr_line' id='line_1_23' title="bbox 109 2247 1106 2328; baseline 0.002 -22"><span class='ocrx_word' id='word_1_180' title='bbox 109 2250 266 2326; x_wconf 84' lang='lat' dir='ltr'><strong>sanctitate,</strong></span> <span class='ocrx_word' id='word_1_181' title='bbox 289 2247 365 2327; x_wconf 91' lang='lat' dir='ltr'><strong>quod</strong></span> <span class='ocrx_word' id='word_1_182' title='bbox 383 2249 565 2325; x_wconf 86' lang='lat' dir='ltr'><strong>auctoritate,</strong></span> <span class='ocrx_word' id='word_1_183' title='bbox 590 2256 682 2309; x_wconf 91' lang='lat' dir='ltr'><strong>aetate</strong></span> <span class='ocrx_word' id='word_1_184' title='bbox 700 2265 815 2328; x_wconf 92' lang='lat' dir='ltr'><strong>qnoque</strong></span> <span class='ocrx_word' id='word_1_185' title='bbox 826 2250 961 2327; x_wconf 90' lang='lat' dir='ltr'><strong>princeps</strong></span> <span class='ocrx_word' id='word_1_186' title='bbox 974 2248 1106 2324; x_wconf 83' lang='lat' dir='ltr'><strong>civitatis,</strong></span> 
     </span>
     <span class='ocr_line' id='line_1_24' title="bbox 110 2331 1107 2412; baseline 0 -22"><span class='ocrx_word' id='word_1_187' title='bbox 110 2340 149 2390; x_wconf 87' lang='lat' dir='ltr'><strong>est</strong></span> <span class='ocrx_word' id='word_1_188' title='bbox 159 2333 274 2412; x_wconf 90' lang='lat' dir='ltr'><strong>quidem</strong></span> <span class='ocrx_word' id='word_1_189' title='bbox 285 2332 449 2393; x_wconf 86' lang='lat' dir='ltr'><strong>venerabile</strong></span> <span class='ocrx_word' id='word_1_190' title='bbox 463 2341 492 2392; x_wconf 91' lang='lat' dir='ltr'><strong>et</strong></span> <span class='ocrx_word' id='word_1_191' title='bbox 505 2331 667 2411; x_wconf 69' lang='lat' dir='ltr'><strong>pulchrum</strong></span> <span class='ocrx_word' id='word_1_192' title='bbox 688 2349 744 2410; x_wconf 84' lang='lat' dir='ltr'><strong>ego</strong></span> <span class='ocrx_word' id='word_1_193' title='bbox 761 2342 854 2393; x_wconf 88' lang='lat' dir='ltr'><strong>tamen</strong></span> <span class='ocrx_word' id='word_1_194' title='bbox 868 2341 898 2392; x_wconf 92' lang='lat' dir='ltr'><strong>te</strong></span> <span class='ocrx_word' id='word_1_195' title='bbox 908 2332 956 2392; x_wconf 85' lang='lat' dir='ltr'><strong>uel</strong></span> <span class='ocrx_word' id='word_1_196' title='bbox 972 2332 1062 2410; x_wconf 82' lang='lat' dir='ltr'><strong>magis</strong></span> <span class='ocrx_word' id='word_1_197' title='bbox 1078 2332 1107 2390; x_wconf 92' lang='lat' dir='ltr'><strong>in</strong></span> 
     </span>
     <span class='ocr_line' id='line_1_25' title="bbox 76 2414 1132 2494; baseline 0.006 -22"><span class='ocrx_word' id='word_1_198' title='bbox 76 2416 315 2477; x_wconf 82' lang='lat' dir='ltr'><strong>ltremissionibus</strong></span> <span class='ocrx_word' id='word_1_199' title='bbox 332 2417 426 2476; x_wconf 91' lang='lat' dir='ltr'><strong>miror.</strong></span> <span class='ocrx_word' id='word_1_200' title='bbox 461 2415 532 2476; x_wconf 89' lang='lat' dir='ltr'><strong>Nam</strong></span> <span class='ocrx_word' id='word_1_201' title='bbox 552 2416 733 2478; x_wconf 84' lang='lat' dir='ltr'><strong>severitatem</strong></span> <span class='ocrx_word' id='word_1_202' title='bbox 748 2417 829 2477; x_wconf 90' lang='lat' dir='ltr'><strong>istam</strong></span> <span class='ocrx_word' id='word_1_203' title='bbox 850 2418 910 2494; x_wconf 91' lang='lat' dir='ltr'><strong>pari</strong></span> <span class='ocrx_word' id='word_1_204' title='bbox 934 2414 1132 2478; x_wconf 67' lang='lat' dir='ltr'><strong>iucunditatem</strong></span> 
     </span>
     <span class='ocr_line' id='line_1_26' title="bbox 112 2496 1107 2579; baseline 0.001 -22"><span class='ocrx_word' id='word_1_205' title='bbox 112 2499 219 2561; x_wconf 89' lang='lat' dir='ltr'><strong>condire</strong></span> <span class='ocrx_word' id='word_1_206' title='bbox 239 2517 421 2579; x_wconf 86' lang='lat' dir='ltr'><strong>summaeque</strong></span> <span class='ocrx_word' id='word_1_207' title='bbox 439 2501 569 2578; x_wconf 79' lang='lat' dir='ltr'><strong>gravitati</strong></span> <span class='ocrx_word' id='word_1_208' title='bbox 590 2508 695 2560; x_wconf 89' lang='lat' dir='ltr'><strong>tantum</strong></span> <span class='ocrx_word' id='word_1_209' title='bbox 714 2496 854 2562; x_wconf 87' lang='lat' dir='ltr'><strong>comitatis</strong></span> <span class='ocrx_word' id='word_1_210' title='bbox 877 2500 1032 2578; x_wconf 76' lang='lat' dir='ltr'><strong>adiungere</strong></span> <span class='ocrx_word' id='word_1_211' title='bbox 1051 2516 1107 2559; x_wconf 90' lang='lat' dir='ltr'><strong>non</strong></span> 
     </span>
     <span class='ocr_line' id='line_1_27' title="bbox 110 2582 1107 2663; baseline 0.002 -23"><span class='ocrx_word' id='word_1_212' title='bbox 110 2584 191 2645; x_wconf 89' lang='lat' dir='ltr'><strong>minus</strong></span> <span class='ocrx_word' id='word_1_213' title='bbox 206 2582 323 2645; x_wconf 86' lang='lat' dir='ltr'><strong>difficile</strong></span> <span class='ocrx_word' id='word_1_214' title='bbox 335 2601 417 2663; x_wconf 90' lang='lat' dir='ltr'><strong>quam</strong></span> <span class='ocrx_word' id='word_1_215' title='bbox 427 2601 557 2662; x_wconf 79' lang='lat' dir='ltr'><strong>magnum</strong></span> <span class='ocrx_word' id='word_1_216' title='bbox 571 2591 623 2643; x_wconf 91' lang='lat' dir='ltr'><strong>est.</strong></span> <span class='ocrx_word' id='word_1_217' title='bbox 644 2582 677 2643; x_wconf 96' lang='lat' dir='ltr'><strong>ld</strong></span> <span class='ocrx_word' id='word_1_218' title='bbox 687 2592 717 2644; x_wconf 91' lang='lat' dir='ltr'><strong>tu</strong></span> <span class='ocrx_word' id='word_1_219' title='bbox 730 2601 795 2643; x_wconf 90' lang='lat' dir='ltr'><strong>cum</strong></span> <span class='ocrx_word' id='word_1_220' title='bbox 813 2582 971 2644; x_wconf 90' lang='lat' dir='ltr'><strong>incredibili</strong></span> <span class='ocrx_word' id='word_1_221' title='bbox 989 2583 1107 2662; x_wconf 87' lang='lat' dir='ltr'><strong>quadam</strong></span> 
     </span>
     <span class='ocr_line' id='line_1_28' title="bbox 112 2664 1132 2747; baseline 0.009 -25"><span class='ocrx_word' id='word_1_222' title='bbox 112 2669 240 2728; x_wconf 86' lang='lat' dir='ltr'><strong>suavitate</strong></span> <span class='ocrx_word' id='word_1_223' title='bbox 256 2684 417 2728; x_wconf 88' lang='lat' dir='ltr'><strong>sermonum</strong></span> <span class='ocrx_word' id='word_1_224' title='bbox 431 2676 489 2727; x_wconf 90' lang='lat' dir='ltr'><strong>turn</strong></span> <span class='ocrx_word' id='word_1_225' title='bbox 506 2665 554 2726; x_wconf 90' lang='lat' dir='ltr'><strong>vel</strong></span> <span class='ocrx_word' id='word_1_226' title='bbox 568 2669 724 2746; x_wconf 90' lang='lat' dir='ltr'><strong>praecipue</strong></span> <span class='ocrx_word' id='word_1_227' title='bbox 741 2666 808 2727; x_wconf 90' lang='lat' dir='ltr'><strong>stilo</strong></span> <span class='ocrx_word' id='word_1_228' title='bbox 827 2666 1002 2747; x_wconf 88' lang='lat' dir='ltr'><strong>adsequeris.</strong></span> <span class='ocrx_word' id='word_1_229' title='bbox 1036 2664 1132 2731; x_wconf 82' lang='lat' dir='ltr'><strong>Nam3</strong></span> 
     </span>
     <span class='ocr_line' id='line_1_29' title="bbox 111 2748 1105 2830; baseline 0.003 -24"><span class='ocrx_word' id='word_1_230' title='bbox 111 2757 136 2806; x_wconf 88' lang='lat' dir='ltr'><strong>et</strong></span> <span class='ocrx_word' id='word_1_231' title='bbox 155 2748 282 2829; x_wconf 92' lang='lat' dir='ltr'><strong>loquenti</strong></span> <span class='ocrx_word' id='word_1_232' title='bbox 302 2752 353 2813; x_wconf 93' lang='lat' dir='ltr'><strong>tibi</strong></span> <span class='ocrx_word' id='word_1_233' title='bbox 370 2750 419 2811; x_wconf 88' lang='lat' dir='ltr'><strong>illa</strong></span> <span class='ocrx_word' id='word_1_234' title='bbox 435 2749 580 2810; x_wconf 86' lang='lat' dir='ltr'><strong>Homerici</strong></span> <span class='ocrx_word' id='word_1_235' title='bbox 599 2751 677 2830; x_wconf 79' lang='lat' dir='ltr'><strong>senis</strong></span> <span class='ocrx_word' id='word_1_236' title='bbox 700 2749 784 2810; x_wconf 89' lang='lat' dir='ltr'><strong>mella</strong></span> <span class='ocrx_word' id='word_1_237' title='bbox 803 2749 958 2829; x_wconf 81' lang='lat' dir='ltr'><strong>proluere,</strong></span> <span class='ocrx_word' id='word_1_238' title='bbox 979 2758 1010 2810; x_wconf 88' lang='lat' dir='ltr'><strong>ct</strong></span> <span class='ocrx_word' id='word_1_239' title='bbox 1032 2767 1105 2827; x_wconf 90' lang='lat' dir='ltr'><strong>quae</strong></span> 
     </span>
     <span class='ocr_line' id='line_1_30' title="bbox 78 2827 1105 2914; baseline 0 -22"><span class='ocrx_word' id='word_1_240' title='bbox 78 2833 203 2894; x_wconf 82' lang='lat' dir='ltr'><strong>toseribis</strong></span> <span class='ocrx_word' id='word_1_241' title='bbox 216 2835 362 2914; x_wconf 91' lang='lat' dir='ltr'><strong>complere</strong></span> <span class='ocrx_word' id='word_1_242' title='bbox 375 2852 445 2913; x_wconf 91' lang='lat' dir='ltr'><strong>apes</strong></span> <span class='ocrx_word' id='word_1_243' title='bbox 460 2833 576 2894; x_wconf 82' lang='lat' dir='ltr'><strong>boribus</strong></span> <span class='ocrx_word' id='word_1_244' title='bbox 587 2844 617 2895; x_wconf 92' lang='lat' dir='ltr'><strong>et</strong></span> <span class='ocrx_word' id='word_1_245' title='bbox 634 2827 780 2894; x_wconf 81' lang='lat' dir='ltr'><strong>innectere</strong></span> <span class='ocrx_word' id='word_1_246' title='bbox 797 2833 935 2894; x_wconf 85' lang='lat' dir='ltr'><strong>videntur.</strong></span> <span class='ocrx_word' id='word_1_247' title='bbox 967 2832 1009 2893; x_wconf 93' lang='lat' dir='ltr'><strong>lta</strong></span> <span class='ocrx_word' id='word_1_248' title='bbox 1027 2841 1105 2893; x_wconf 91' lang='lat' dir='ltr'><strong>certe</strong></span> 
     </span>
     <span class='ocr_line' id='line_1_31' title="bbox 112 2915 1105 2997; baseline 0.002 -23"><span class='ocrx_word' id='word_1_249' title='bbox 112 2933 167 2976; x_wconf 85' lang='lat' dir='ltr'><strong>sum</strong></span> <span class='ocrx_word' id='word_1_250' title='bbox 177 2919 306 2979; x_wconf 87' lang='lat' dir='ltr'><strong>adlectus</strong></span> <span class='ocrx_word' id='word_1_251' title='bbox 320 2920 400 2997; x_wconf 87' lang='lat' dir='ltr'><strong>ipse,</strong></span> <span class='ocrx_word' id='word_1_252' title='bbox 424 2937 487 2978; x_wconf 88' lang='lat' dir='ltr'><strong>cunr</strong></span> <span class='ocrx_word' id='word_1_253' title='bbox 503 2915 612 2979; x_wconf 84' lang='lat' dir='ltr'><strong>Graeca</strong></span> <span class='ocrx_word' id='word_1_254' title='bbox 624 2919 824 2997; x_wconf 79' lang='lat' dir='ltr'><strong>epigrammata</strong></span> <span class='ocrx_word' id='word_1_255' title='bbox 837 2926 900 2994; x_wconf 87' lang='lat' dir='ltr'><strong>tua,</strong></span> <span class='ocrx_word' id='word_1_256' title='bbox 922 2935 986 2976; x_wconf 88' lang='lat' dir='ltr'><strong>cunr</strong></span> <span class='ocrx_word' id='word_1_257' title='bbox 998 2917 1105 2977; x_wconf 89' lang='lat' dir='ltr'><strong>iambos</strong></span> 
     </span>
     <span class='ocr_line' id='line_1_32' title="bbox 112 3001 1134 3080; baseline 0.004 -22"><span class='ocrx_word' id='word_1_258' title='bbox 112 3003 230 3075; x_wconf 83' lang='lat' dir='ltr'><strong>proxime</strong></span> <span class='ocrx_word' id='word_1_259' title='bbox 248 3001 385 3080; x_wconf 80' lang='lat' dir='ltr'><strong>legerem.</strong></span> <span class='ocrx_word' id='word_1_260' title='bbox 421 3001 560 3076; x_wconf 80' lang='lat' dir='ltr'><strong>Quantum</strong></span> <span class='ocrx_word' id='word_1_261' title='bbox 577 3002 616 3061; x_wconf 91' lang='lat' dir='ltr'><strong>ibi</strong></span> <span class='ocrx_word' id='word_1_262' title='bbox 632 3003 807 3062; x_wconf 90' lang='lat' dir='ltr'><strong>humanitatis</strong></span> <span class='ocrx_word' id='word_1_263' title='bbox 831 3003 1005 3078; x_wconf 87' lang='lat' dir='ltr'><strong>venustatis,</strong></span> <span class='ocrx_word' id='word_1_264' title='bbox 1025 3009 1134 3080; x_wconf 75' lang='lat' dir='ltr'><strong>quaml</strong></span> 
     </span>
     <span class='ocr_line' id='line_1_33' title="bbox 113 3079 1105 3167; baseline 0.004 -27"><span class='ocrx_word' id='word_1_265' title='bbox 113 3079 268 3162; x_wconf 90' lang='lat' dir='ltr'><strong>dulciailla,</strong></span> <span class='ocrx_word' id='word_1_266' title='bbox 287 3104 370 3165; x_wconf 90' lang='lat' dir='ltr'><strong>quam</strong></span> <span class='ocrx_word' id='word_1_267' title='bbox 382 3088 514 3161; x_wconf 81' lang='lat' dir='ltr'><strong>armantia,</strong></span> <span class='ocrx_word' id='word_1_268' title='bbox 535 3103 618 3163; x_wconf 90' lang='lat' dir='ltr'><strong>quam</strong></span> <span class='ocrx_word' id='word_1_269' title='bbox 632 3094 746 3163; x_wconf 81' lang='lat' dir='ltr'><strong>arguta,</strong></span> <span class='ocrx_word' id='word_1_270' title='bbox 765 3085 950 3167; x_wconf 77' lang='lat' dir='ltr'><strong>qnamreptal</strong></span> <span class='ocrx_word' id='word_1_271' title='bbox 974 3081 1105 3145; x_wconf 79' lang='lat' dir='ltr'><strong>Callima·</strong></span> 
     </span>
     <span class='ocr_line' id='line_1_34' title="bbox 113 3159 1105 3248; baseline 0 -23"><span class='ocrx_word' id='word_1_272' title='bbox 113 3164 188 3228; x_wconf 84' lang='lat' dir='ltr'><strong>clun</strong></span> <span class='ocrx_word' id='word_1_273' title='bbox 204 3186 250 3229; x_wconf 91' lang='lat' dir='ltr'><strong>me</strong></span> <span class='ocrx_word' id='word_1_274' title='bbox 266 3169 313 3229; x_wconf 86' lang='lat' dir='ltr'><strong>vel</strong></span> <span class='ocrx_word' id='word_1_275' title='bbox 328 3169 463 3230; x_wconf 89' lang='lat' dir='ltr'><strong>lleroden</strong></span> <span class='ocrx_word' id='word_1_276' title='bbox 480 3167 527 3228; x_wconf 89' lang='lat' dir='ltr'><strong>vel</strong></span> <span class='ocrx_word' id='word_1_277' title='bbox 545 3171 568 3230; x_wconf 90' lang='lat' dir='ltr'><strong>si</strong></span> <span class='ocrx_word' id='word_1_278' title='bbox 584 3168 650 3248; x_wconf 93' lang='lat' dir='ltr'><strong>qnid</strong></span> <span class='ocrx_word' id='word_1_279' title='bbox 661 3170 704 3230; x_wconf 89' lang='lat' dir='ltr'><strong>his</strong></span> <span class='ocrx_word' id='word_1_280' title='bbox 717 3167 818 3230; x_wconf 91' lang='lat' dir='ltr'><strong>melius</strong></span> <span class='ocrx_word' id='word_1_281' title='bbox 829 3159 931 3229; x_wconf 84' lang='lat' dir='ltr'><strong>tenere&#39;</strong></span> <span class='ocrx_word' id='word_1_282' title='bbox 939 3167 1105 3237; x_wconf 89' lang='lat' dir='ltr'><strong>credebam;</strong></span> 
     </span>
     <span class='ocr_line' id='line_1_35' title="bbox 79 3248 1131 3331; baseline 0.003 -21"><span class='ocrx_word' id='word_1_283' title='bbox 79 3248 106 3304; x_wconf 72' lang='lat'><strong>35</strong></span> <span class='ocrx_word' id='word_1_284' title='bbox 114 3264 224 3326; x_wconf 85' lang='lat' dir='ltr'><strong>quorum</strong></span> <span class='ocrx_word' id='word_1_285' title='bbox 238 3262 330 3314; x_wconf 90' lang='lat' dir='ltr'><strong>tamen</strong></span> <span class='ocrx_word' id='word_1_286' title='bbox 343 3261 445 3314; x_wconf 91' lang='lat' dir='ltr'><strong>neuter</strong></span> <span class='ocrx_word' id='word_1_287' title='bbox 461 3261 609 3331; x_wconf 90' lang='lat' dir='ltr'><strong>utrumque</strong></span> <span class='ocrx_word' id='word_1_288' title='bbox 621 3261 668 3312; x_wconf 88' lang='lat' dir='ltr'><strong>aut</strong></span> <span class='ocrx_word' id='word_1_289' title='bbox 680 3252 801 3313; x_wconf 81' lang='lat' dir='ltr'><strong>absolvit</strong></span> <span class='ocrx_word' id='word_1_290' title='bbox 817 3261 864 3312; x_wconf 91' lang='lat' dir='ltr'><strong>aut</strong></span> <span class='ocrx_word' id='word_1_291' title='bbox 877 3252 975 3330; x_wconf 78' lang='lat' dir='ltr'><strong>attigit.</strong></span> <span class='ocrx_word' id='word_1_292' title='bbox 1009 3249 1131 3313; x_wconf 76' lang='lat' dir='ltr'><strong>Romi-5</strong></span> 
     </span>
     <span class='ocr_line' id='line_1_36' title="bbox 112 3333 1104 3415; baseline 0.005 -26"><span class='ocrx_word' id='word_1_293' title='bbox 112 3347 204 3396; x_wconf 86' lang='lat' dir='ltr'><strong>nenne</strong></span> <span class='ocrx_word' id='word_1_294' title='bbox 222 3336 376 3398; x_wconf 86' lang='lat' dir='ltr'><strong>Romanum</strong></span> <span class='ocrx_word' id='word_1_295' title='bbox 394 3346 450 3398; x_wconf 88' lang='lat' dir='ltr'><strong>tam</strong></span> <span class='ocrx_word' id='word_1_296' title='bbox 470 3333 578 3396; x_wconf 81' lang='lat' dir='ltr'><strong>Graece</strong></span> <span class='ocrx_word' id='word_1_297' title='bbox 596 3333 696 3415; x_wconf 84' lang='lat' dir='ltr'><strong>loqui?</strong></span> <span class='ocrx_word' id='word_1_298' title='bbox 717 3335 782 3396; x_wconf 87' lang='lat' dir='ltr'><strong>Non</strong></span> <span class='ocrx_word' id='word_1_299' title='bbox 801 3334 910 3396; x_wconf 85' lang='lat' dir='ltr'><strong>medius</strong></span> <span class='ocrx_word' id='word_1_300' title='bbox 929 3335 1009 3396; x_wconf 90' lang='lat' dir='ltr'><strong>lidius</strong></span> <span class='ocrx_word' id='word_1_301' title='bbox 1026 3337 1104 3414; x_wconf 91' lang='lat' dir='ltr'><strong>ipsas</strong></span> 
     </span>
     <span class='ocr_line' id='line_1_37' title="bbox 112 3412 1104 3494; baseline 0.006 -22"><span class='ocrx_word' id='word_1_302' title='bbox 112 3412 228 3482; x_wconf 75' lang='lat' dir='ltr'><strong>Athenas</strong></span> <span class='ocrx_word' id='word_1_303' title='bbox 249 3429 304 3482; x_wconf 88' lang='lat' dir='ltr'><strong>tarn</strong></span> <span class='ocrx_word' id='word_1_304' title='bbox 319 3420 428 3482; x_wconf 81' lang='lat' dir='ltr'><strong>Atticas</strong></span> <span class='ocrx_word' id='word_1_305' title='bbox 453 3419 579 3480; x_wconf 84' lang='lat' dir='ltr'><strong>dixerim.</strong></span> <span class='ocrx_word' id='word_1_306' title='bbox 615 3419 691 3494; x_wconf 78' lang='lat' dir='ltr'><strong>Quid</strong></span> <span class='ocrx_word' id='word_1_307' title='bbox 714 3416 821 3480; x_wconf 86' lang='lat' dir='ltr'><strong>multa&#39;l</strong></span> <span class='ocrx_word' id='word_1_308' title='bbox 849 3417 964 3479; x_wconf 81' lang='lat' dir='ltr'><strong>invideo</strong></span> <span class='ocrx_word' id='word_1_309' title='bbox 987 3416 1104 3480; x_wconf 80' lang='lat' dir='ltr'><strong>Graecis</strong></span> 
     </span>
    </p>
   </div>
   <div class='ocr_carea' id='block_1_5' title="bbox 114 3501 1104 3644">
    <p class='ocr_par' dir='ltr' id='par_1_5' title="bbox 114 3501 1104 3644">
     <span class='ocr_line' id='line_1_38' title="bbox 114 3501 1104 3644; baseline -0.009 -76"><span class='ocrx_word' id='word_1_310' title='bbox 114 3501 181 3568; x_wconf 78' lang='lat' dir='ltr'><strong>titod</strong></span> <span class='ocrx_word' id='word_1_311' title='bbox 197 3503 307 3566; x_wconf 91' lang='lat' dir='ltr'><strong>illorum</strong></span> <span class='ocrx_word' id='word_1_312' title='bbox 323 3505 418 3584; x_wconf 78' lang='lat' dir='ltr'><strong>lingua</strong></span> <span class='ocrx_word' id='word_1_313' title='bbox 433 3504 560 3565; x_wconf 89' lang='lat' dir='ltr'><strong>scribere</strong></span> <span class='ocrx_word' id='word_1_314' title='bbox 576 3503 707 3564; x_wconf 87' lang='lat' dir='ltr'><strong>maluisti.</strong></span> <span class='ocrx_word' id='word_1_315' title='bbox 731 3502 835 3582; x_wconf 88' lang='lat' dir='ltr'><strong>Neque</strong></span> <span class='ocrx_word' id='word_1_316' title='bbox 851 3503 1104 3644; x_wconf 61' lang='lat' dir='ltr'><strong>eniqr*coniectura</strong></span> 
     </span>
    </p>
   </div>
   <div class='ocr_carea' id='block_1_6' title="bbox 0 0 1296 3972">
    <p class='ocr_par' dir='ltr' id='par_1_6' title="bbox 0 0 1296 3972">
     <span class='ocr_line' id='line_1_39' title="bbox 0 0 1296 3972; baseline 0 0"><span class='ocrx_word' id='word_1_317' title='bbox 0 0 1296 3972; x_wconf 95' lang='lat' dir='ltr'><strong> </strong></span> 
     </span>
    </p>
   </div>
  </div>
 </body>
</html>
