2580 3978
174 257 216 320 48
595 252 629 313 G.
652 252 749 314 titul

175 407 284 472 tissime
298 405 392 468 victor
404 407 444 468 ml
457 406 557 485 periit,
573 406 787 468 commendabat
800 407 963 468 memoriam
976 423 1055 466 suern
1069 405 1181 468 orabat-

117 537 124 548 .
149 510 233 573 5que
247 499 277 551 ut
290 509 323 552 se
338 491 375 552 ab
387 492 488 551 iniuria
502 489 653 552 oblivionis
667 491 824 554 adsereret
841 489 981 551 ‘studiosi
996 490 1115 567 tres’,in
1125 507 1183 552 sex
1264 518 1276 572 ,q

175 575 317 636 volumina
338 585 458 654 propter
471 573 680 652 amplitudinem
694 575 793 652 divisi,
816 575 919 654 quibus
932 582 1074 634 oratorem
1088 573 1123 634 ab
1138 573 1180 634 in-
1275 577 1276 638 f

175 657 322 720 cunabulis
343 659 462 720 instituit
476 667 506 718 et
525 657 646 736 perficit.
679 658 779 719 ‘Dubii
794 659 934 719 sermonis
947 662 1043 719 octo’:
1065 658 1183 735 scripsit

175 744 229 806 sub
239 742 356 804 Narone
366 743 529 803 nouissimis
540 743 630 818 aunis,
649 761 713 802 cumr
727 760 810 802 omne
823 741 979 804 studiorum
990 759 1083 818 genus
1095 738 1208 819 paulos

150 828 294 896 aliberius
309 833 338 886 et
358 828 483 887 erectius
499 825 690 905 periculosum
705 827 827 887 servitus
842 826 970 886 lecisset.
995 824 1034 884 ‘A
1049 824 1105 884 line
1121 823 1182 886 Au-

176 911 225 972 fidi
246 911 328 972 Bassi
349 911 462 987 triginta
483 915 578 970 rmus.’
618 908 753 970 ‘Naturae
774 909 955 970 historiarum
975 909 1089 986 triginta
1115 925 1182 987 sep·

176 999 258 1074 tem’,
275 993 498 1072 opusdiilusum,
513 992 661 1069 eruditum,
675 1011 730 1054 nec
743 995 833 1054 minus
843 995 951 1054 varium
965 1011 1048 1070 quana
1059 993 1124 1070 ipsa
1133 1010 1182 1054 na·
1276 1008 1277 1068 1

111 1133 115 1142 .
151 1088 248 1146 utura.
280 1075 390 1138 ldiraris
411 1076 488 1156 quod
508 1085 551 1137 tot
568 1076 712 1137 volumina
731 1076 875 1156 multaque
889 1079 918 1137 in
931 1077 976 1138 lris
990 1086 1046 1136 tam
1061 1093 1182 1154 scrupu-

178 1163 243 1224 losa
259 1161 345 1222 bomo
367 1169 524 1241 occupatus
542 1158 719 1222 01110111οή11
744 1163 834 1239 magis
846 1160 1011 1236 miraberis,
1031 1162 1057 1220 si
1077 1162 1182 1222 scieris
1192 1165 1224 1220 10

177 1246 257 1308 illum
277 1245 439 1324 aliquandiu
461 1262 562 1306 causas
584 1247 741 1323 actitasse,
769 1244 934 1306 decessisse
956 1262 1029 1304 anuo
1048 1251 1131 1305 sexto
1153 1254 1182 1304 et

180 1331 451 1410 quinquagensimo,
467 1328 589 1389 medium
602 1338 715 1410 tempus
729 1329 881 1390 distentum
891 1327 1112 1407 inpeditumque
1127 1346 1183 1406 qua

119 1468 132 1480 ,
152 1415 285 1482 §ciliciis
305 1416 433 1475 maxinn‘s
448 1431 503 1493 qua
521 1415 643 1474 amicitia
658 1415 817 1492 principum
836 1414 943 1491 egisse.
966 1411 1025 1474 Sed
1040 1420 1100 1472 erat
1113 1429 1182 1472 acre

177 1499 336 1575 ingenium,
359 1496 527 1558 incredibile
547 1496 685 1575 studium,
708 1516 814 1559 summa
834 1497 987 1575 vigilantia.
1020 1494 1182 1558 Lucubrare
1277 1494 1278 1566 l

177 1580 379 1642 Vulcanalibus
400 1581 570 1658 incipiebat,
597 1599 655 1644 nou
675 1581 839 1660 auspicandi
861 1599 947 1642 causa
965 1580 1019 1654 ¹sed
1038 1579 1181 1658 studendi,
1192 1581 1224 1634 15
1277 1567 1278 1597 ¹

178 1667 271 1727 statim
291 1683 307 1724 a
325 1673 412 1726 nocte
427 1663 530 1742 multa,
555 1664 647 1724 hicme
662 1682 732 1724 vero
749 1665 783 1725 ab
804 1665 873 1725 horu
893 1667 1029 1744 septima,
1045 1664 1094 1724 vel
1119 1683 1183 1724 cnm

177 1748 355 1826 tardissime,
372 1758 490 1824 octava,
510 1765 600 1826 saepe
615 1757 706 1808 sexta.
731 1748 800 1809 Erat
814 1767 884 1809 sane
898 1750 989 1810 somni
1002 1750 1181 1828 paratissimi,

177 1849 234 1894 non
253 1850 403 1913 numquam
424 1834 507 1892 etiam
527 1833 601 1893 inter
620 1833 684 1910 ipsa
700 1832 793 1894 studia
812 1834 941 1895 instantis
958 1842 990 1893 et
1010 1832 1181 1894 deserentis.

154 1917 254 1988 alluta
274 1917 368 1978 lucem
387 1917 445 1977 ibat
467 1916 503 1976 ad
517 1914 724 1996 Vespasianum
740 1919 939 1995 imperatorem
955 1917 1032 1997 (uam
1046 1916 1095 1976 illc
1111 1933 1182 1996 quo·

179 2021 238 2083 que
252 2002 386 2064 noctibus
400 1999 561 2082 utebatur),
582 2000 648 2060 inde
667 2001 703 2060 ad
722 2000 883 2079 delegatum
900 2002 953 2062 sibi
969 2001 1102 2061 cilicium.
1124 2001 1223 2060 tte-ao

139 2104 171 2156 10
178 2105 281 2149 versus
295 2087 418 2164 domum,
434 2083 512 2166 quod
526 2084 645 2146 relicum
659 2088 807 2165 temporis,
825 2085 925 2146 studiis
938 2084 1086 2145 reddebat.
1114 2083 1184 2146 Post

180 2172 274 2233 cibum
294 2189 401 2251 saepo,
427 2187 512 2248 quern
531 2169 652 2231 interdiu
670 2169 766 2230 leuem
783 2178 815 2230 et
832 2169 947 2229 ducilem
961 2177 1090 2229 retemm
1100 2184 1183 2228 moro

179 2257 325 2332 sumebat,
340 2263 467 2332 aestate,
483 2256 508 2316 si
521 2253 588 2332 quid
599 2255 651 2312 otii
659 2299 668 2330 ,
682 2253 793 2314 iacebat
802 2256 832 2316 in
845 2253 920 2329 sole,
935 2252 1010 2314 liber
1022 2252 1182 2331 legebatur,

180 2338 329 2400 adnotabat
344 2336 589 2416 excerpebatque.
612 2335 689 2396 Nihil
705 2339 779 2396 eumn
792 2337 863 2415 legit
879 2337 956 2417 quod
970 2355 1027 2398 nou
1042 2354 1183 2416 excerpe·

179 2431 237 2482 ret:
253 2421 350 2482 dicere
364 2421 446 2480 etiam
460 2419 572 2481 solebat
584 2419 688 2480 nullum
703 2438 769 2481 esse
782 2420 883 2481 librum
897 2431 953 2481 tam
965 2421 1066 2482 malum
1080 2430 1110 2480 ut
1124 2433 1223 2486 001121

109 2519 116 2532 ·
138 2519 170 2571 11
180 2505 273 2584 aliqua
285 2513 365 2584 parte
388 2503 547 2582 prodesset.
577 2503 646 2564 Post
664 2504 755 2566 solem
775 2504 942 2584 plerumque
956 2505 1057 2583 frigida
1072 2504 1184 2567 lavaba-

181 2600 240 2651 tur:
266 2588 368 2649 deinde
388 2587 520 2666 gustabat
536 2586 750 2669 dormiebatque
770 2591 926 2650 minimum:
951 2605 1018 2649 mox
1030 2590 1110 2667 quasi
1126 2589 1182 2649 alio

181 2674 226 2735 dic
241 2671 375 2735 studebat
388 2675 417 2733 in
434 2689 523 2734 cenae
534 2681 658 2752 tems.
679 2673 774 2752 Super
785 2673 858 2734 hauc
872 2673 947 2734 liber
960 2671 1119 2751 legebatur,
1134 2671 1183 2732 ad·

139 2758 340 2836 denotabatur,
354 2767 384 2818 et
398 2757 512 2836 quidem
528 2760 639 2820 cursim.
659 2755 773 2818 blemini
788 2758 927 2837 quendam
938 2775 976 2818 ex
988 2759 1103 2835 amicis,
1118 2771 1183 2816 cum

180 2842 273 2903 lector
288 2841 426 2920 quaedam
447 2857 597 2921 perperam
611 2844 838 2922 pronuntiasset,
860 2857 1020 2906 revocasse
1039 2851 1069 2901 et
1088 2841 1225 2919 repetisti

181 2927 328 3003 coegisse,
341 2926 408 2985 huic
421 2924 588 2986 truncatam
601 2943 693 2986 mcum
707 2925 814 2988 dixisse
829 2925 1025 2987 ‘intellexeras
1038 2921 1181 3005 nempei’

182 3027 246 3070 cum
260 3008 310 3069 illc
325 3008 486 3087 adnuisset,
505 3013 570 3069 ‘cur
584 3027 654 3088 ergo
668 3005 848 3072 revocabas?
867 3009 971 3070 decern
985 3009 1106 3088 amplius
1119 3026 1183 3070 ucr-

140 3091 601 3172 13111111101011111100110110110
615 3093 811 3173 perdidimus?
841 3093 928 3154 'lanta
939 3104 999 3154 erat
1013 3093 1184 3172 parsimonia

181 3178 330 3256 temporis.
364 3177 506 3256 Surgebat
523 3187 632 3240 aestate
646 3196 663 3240 a
677 3196 747 3240 cena
763 3178 845 3256 luce,
871 3179 965 3239 bieme
979 3180 1050 3240 intra
1065 3178 1183 3256 primam

180 3263 286 3340 noetis,
302 3271 332 3322 et
346 3270 484 3342 tamquam
497 3260 592 3341 aliqua
604 3262 673 3340 lege
689 3273 821 3341 cogente.
843 3263 921 3323 llaec
935 3260 1128 3323 intermedius
1139 3259 1225 3325 11-31

142 3345 271 3408 labores
291 3344 428 3426 urbisque
449 3346 597 3408 mensum.
637 3346 669 3407 ln
689 3365 811 3409 secessu
829 3346 922 3410 solum
943 3345 1047 3407 balinei
1068 3352 1184 3422 tempus

183 3429 283 3491 studiis
303 3430 493 3493 eximebatur:
514 3448 578 3492 curu
593 3431 657 3493 dieo
674 3430 796 3509 balinei,
817 3430 854 3492 de
866 3429 1048 3491 interioribus
1063 3426 1183 3507 loquor;

182 3531 246 3574 nanu
260 3512 325 3589 dua
338 3514 522 3596 destringitur
532 3518 719 3596 tergiturquc,
734 3515 865 3577 audiebat
875 3513 980 3594 aliquid
990 3523 1038 3574 aut
1049 3511 1183 3578 dictabat.
