2580 3978
128 311 134 336 ³
156 307 178 370 4
586 303 618 366 G.
641 303 739 365 PLINl

157 459 273 518 territus
289 456 476 536 adprehendit
494 454 651 518 Caecilium
667 455 812 536 Celerem,
830 475 897 517 mox
910 455 1027 517 Fabium
1042 454 1161 537 Iustum,

157 550 239 620 rogat
254 551 284 602 ut
298 559 344 602 me
360 542 414 603 sibi
425 540 623 604 reconcilient.
646 540 709 602 Nec
723 549 884 619 contentus,
902 540 1078 619 pervenitad
1089 541 1162 621 Spu·

157 627 278 685 rinnam:
293 625 360 686 huic
374 623 560 705 suppliciter,
583 636 613 687 ut
629 634 674 686 est
685 644 749 688 oum
759 628 839 686 timet
856 625 1083 704 abiectissimus,
1104 630 1162 684 ‘ro-

158 715 208 787 go'
226 710 315 788 inquit
335 714 428 769 ‘mane
442 707 540 769 videas
555 708 674 770 Plinium
689 709 775 788 domi,
791 708 844 770 sed
858 708 944 790 plane
954 726 1036 769 mane
1052 708 1160 789 (neque

158 795 231 854 enim
246 793 349 853 diutins
363 794 441 854 ferre
456 791 675 855 sollicitudinem
685 792 829 873 possum),
844 802 874 854 et
891 792 1101 873 quoquomodo
1118 793 1187 854 el-5

95 933 104 942 .,
136 879 239 940 obrias
263 897 298 938 ne
318 877 385 937 mibi
405 878 565 937 irascatur².
594 876 819 956 Evigilaveram:
837 878 949 938 nuntius
971 895 986 936 a
1008 876 1162 957 Spurinna:

158 963 254 1022 ‘venio
275 959 310 1020 ad
330 966 383 1021 te'.
407 958 507 1020 ‘Immo
530 979 587 1039 ego
606 961 642 1023 ad
658 968 710 1022 te'.
745 959 860 1022 Coimus
876 963 905 1020 in
925 963 1038 1041 porticu
1055 959 1161 1039 Liviae,

158 1063 222 1105 cum
242 1043 316 1105 alter
335 1043 372 1104 ad
393 1044 511 1104 oltemm
531 1044 723 1107 tenderemus.
752 1044 879 1125 Exponit
897 1043 1002 1123 Reguli
1022 1045 1161 1123 mandata,

113 1127 118 1138 ’
157 1128 232 1190 addit
247 1147 352 1208 preces
366 1147 443 1206 suas,
460 1137 491 1189 nt
506 1128 628 1190 decebat
645 1130 780 1210 optimum
793 1131 883 1190 virum
895 1146 949 1208 pro
963 1127 1161 1207 dissimillimo,

116 1227 253 1292 loparce.
283 1210 336 1273 Gui
351 1231 407 1291 ego
423 1212 572 1291 ‘dispicies
586 1215 650 1293 ipse
667 1213 734 1294 quid
755 1212 968 1274 renuntiandum
982 1211 1097 1291 Regulo
1111 1223 1206 1292 pulo

157 1307 216 1358 tes:
234 1306 264 1358 te
280 1296 374 1377 decipi
390 1315 406 1357 a
420 1316 466 1358 me
481 1315 538 1359 non
550 1307 673 1377 oportet.
696 1297 829 1378 Expecto
843 1295 1011 1359 Mauricum'
1024 1296 1163 1377 (nondum

155 1381 191 1441 ab
208 1379 294 1441 exilio
308 1384 456 1460 venerat):
475 1381 552 1443 ‘ideo
567 1381 635 1443 nihil
650 1381 813 1443 alterutram
822 1383 851 1441 in
865 1390 975 1462 partem
985 1380 1163 1461 respondero

155 1463 207 1525 tibi
222 1482 350 1545 possum,
366 1464 491 1526 facturos
507 1465 642 1545 quidquid
656 1465 707 1526 ille
722 1465 898 1535 decreverit;
914 1463 994 1524 illum
1009 1467 1084 1526 enirn
1095 1483 1163 1526 esse

115 1561 147 1613 11
155 1548 238 1608 huius
256 1547 367 1609 consilii
391 1548 510 1628 ducem,
538 1567 584 1611 me
601 1550 734 1610 comitem
751 1550 859 1610 deoet'.
893 1548 1003 1611 Paucos
1018 1559 1085 1629 post
1101 1549 1162 1609 dies

156 1635 220 1712 ipse
234 1651 280 1694 mc
295 1631 425 1710 Regulus
449 1635 583 1694 convenit
600 1635 629 1693 in
644 1636 786 1713 praetoris
802 1633 914 1695 allicio:
939 1632 1009 1694 illuc
1024 1637 1206 1714 persecu-15

155 1727 201 1778 tus
216 1725 361 1778 secretum
381 1718 468 1796 petit:
490 1718 528 1777 ait
548 1718 649 1778 timere
667 1735 701 1778 sc
718 1737 755 1779 ne
774 1719 865 1778 animo
885 1734 950 1778 meo
967 1720 1080 1797 penitus
1094 1717 1162 1778 hae·

155 1809 233 1862 reret
249 1800 325 1880 quod
338 1802 366 1860 in
382 1799 575 1861 centumvirali
590 1801 695 1862 iudicio
710 1801 859 1880 aliquando
881 1802 1016 1880 dixisset,
1039 1819 1103 1862 curn
1116 1819 1162 1860 re·
1283 1859 1284 1868 ,

155 1883 313 1962 sponderet
325 1884 392 1944 mihi
409 1895 438 1946 et
453 1885 545 1946 Satrio
559 1884 647 1964 Rulo,
664 1884 784 1946 ‘Satrius
796 1884 898 1964 Rufus,
917 1887 962 1946 cui
974 1895 1086 1946 nonest
1099 1903 1162 1945 oum
1283 1879 1284 1973 l

157 1965 299 2029 Cicerone
311 1967 472 2045 aemulatio,
487 1978 517 2030 et
532 1971 579 2048 qui
593 1978 743 2032 contentus
757 1978 802 2030 est
816 1968 978 2049 eloquentia
991 1970 1100 2031 saeculi
1111 1987 1162 2030 no·

117 2057 148 2110 12
157 2055 230 2114 stri'.
253 2051 402 2133 Respondi
417 2070 491 2113 nuno
504 2070 550 2112 me
567 2053 741 2132 intellegere
756 2052 878 2132 maligne
891 2053 1007 2133 dictum,
1024 2057 1089 2135 quia
1099 2055 1208 2134 ipseao
1282 2097 1283 2100 =

158 2137 357 2208 conliteretur;
388 2147 515 2199 eetemm
532 2139 663 2217 potuisse
685 2138 873 2212 honorificum
895 2139 1056 2200 existimari.
1097 2137 1163 2199 ‘Est
1282 2109 1283 2195 l

156 2224 242 2280 enim'
257 2223 369 2300 inquam
385 2222 463 2282 ‘mibi
477 2240 542 2281 cum
558 2220 701 2284 Cicerone
715 2222 877 2300 aemulatio,
894 2241 951 2284 neo
967 2241 1029 2282 sum
1046 2231 1162 2284 conten·

115 2309 148 2362 13
155 2314 201 2365 tus
216 2303 380 2384 eloquentia
395 2303 503 2365 saeculi
519 2307 619 2366 nostri.
651 2305 721 2366 Nam
741 2305 937 2367 stultissimum
952 2305 1040 2366 credo
1053 2306 1089 2366 ad
1102 2307 1163 2366 imi·
1281 2347 1282 2417 ,

155 2387 269 2472 tandum
283 2405 340 2448 non
355 2391 460 2467 optima
475 2405 605 2468 quaeque
622 2407 795 2470 proponere.
823 2389 882 2449 Sed
893 2397 941 2467 tu,
958 2391 1006 2468 qui
1022 2389 1105 2451 buius
1121 2391 1162 2450 iu-

156 2471 222 2533 dicii
244 2473 414 2550 meministi,
441 2490 492 2533 cur
507 2470 583 2534 illius
605 2473 712 2536 oblitus
734 2493 767 2534 es
788 2474 894 2551 inquo
915 2491 962 2534 me
981 2475 1163 2552 interrogasti
1172 2485 1210 2538 25

156 2554 276 2634 quidde
293 2554 363 2617 Meti
379 2554 503 2618 Modesti
514 2558 621 2636 pietate
632 2554 806 2620 sentiremi’
828 2555 975 2636 Expalluit
988 2557 1164 2637 notabiliter,

156 2641 285 2718 quamuis
299 2639 406 2718 palleat
420 2658 548 2720 semper,
565 2650 595 2703 et
609 2640 832 2704 haesitabundus
848 2642 1044 2719 interrogari,
1060 2658 1118 2701 non
1134 2651 1166 2702 ut

161 2724 212 2786 tibi
227 2741 374 2803 nocerem,
389 2724 441 2786 sed
458 2733 490 2785 ot
502 2722 658 2788 Modesto?
678 2725 751 2787 Vide
761 2725 881 2786 bominis
895 2724 1101 2805 crudelitatem,
1116 2728 1166 2806 qui
1279 2777 1280 2806 ,

114 2815 149 2871 14
162 2826 195 2869 se
215 2825 272 2869 uon
288 2807 446 2869 dissimulet
466 2808 543 2869 exuli
563 2825 670 2870 nocere
684 2809 822 2870 voluisse.
856 2810 1004 2871 Subiunxit
1018 2812 1165 2888 egregiam
1279 2807 1280 2861 l

156 2909 285 2952 causam:
303 2893 443 2971 ‘scripsit’
455 2893 544 2971 inquit
559 2894 598 2952 ‘in
610 2892 732 2972 epistula
746 2892 875 2972 quadam
891 2913 965 2973 quae
979 2893 1053 2974 apud
1066 2893 1164 2955 Domi·
1173 2906 1211 2962 30

157 2977 262 3036 tionum
284 2976 403 3038 recitata
426 2984 490 3054 est,
519 2975 680 3056 ‘Regulum
712 2977 836 3037 omnium
860 2978 997 3057 bipedum
1018 2980 1164 3056 nequissi—
1278 3001 1279 3083 p

114 3069 146 3122 15
157 3064 259 3129 mus'’;
284 3059 362 3138 quod
377 3059 491 3138 quidem
506 3058 655 3122 Modestus
668 3062 820 3123 verissime
834 3064 1001 3141 scripserat.
1027 3060 1082 3122 Hic
1100 3063 1164 3124 fere

154 3144 239 3205 nobis
255 3145 395 3204 sermonis
406 3145 552 3206 terminus.
574 3143 677 3225 Neque
694 3146 768 3205 enirn
784 3144 863 3206 volui
880 3147 1018 3226 progredi
1033 3145 1163 3226 longius,

155 3237 185 3288 ut
201 3226 270 3287 mihi
287 3225 484 3289 omnialibera
500 3245 660 3308 servarem,
677 3229 742 3290 dum
757 3228 900 3292 Mandatus
914 3231 1004 3291 venit.
1038 3229 1101 3291 Neo
1116 3247 1163 3292 me
1277 3223 1278 3307 l

155 3313 293 3391 praeterit
315 3330 383 3373 esse
402 3310 546 3389 Regulum
563 3309 843 3394 δυςκαθαίρετονι
865 3323 911 3376 est
932 3317 1007 3376 enim
1026 3312 1162 3393 locuples
1172 3325 1209 3380 35

155 3395 312 3473 factiosus,
332 3403 445 3457 curatur
461 3394 604 3474 annuitis,
623 3397 738 3458 timetur
754 3416 771 3458 a
786 3397 935 3477 pluribus,
950 3398 1028 3478 qnod
1038 3398 1164 3479 plemm-

156 3497 212 3559 que
229 3479 332 3541 lortius
350 3497 446 3542 amore
461 3488 516 3541 est.
537 3479 743 3543 Potesttamen
760 3483 821 3542 lieri
836 3491 868 3543 ut
879 3482 951 3544 hace
965 3500 1107 3544 concussa
1120 3481 1161 3542 la·
1276 3453 1277 3529 l

116 3573 147 3627 16
157 3563 265 3624 bantur.
288 3565 359 3625 Nam
373 3566 463 3644 gratia
477 3564 615 3626 malorum
630 3576 685 3628 tarn
700 3566 782 3627 inlida
799 3575 846 3627 est
860 3583 943 3646 qoam
957 3567 1025 3646 ipsi.
1043 3566 1162 3646 Verum,
