2604 3972
332 252 595 318 EPISTULARUM
610 254 688 316 VIII.
708 266 734 320 8.
751 267 777 321 9.
794 268 836 320 10.
852 269 895 320 11.
1060 256 1119 321 161

336 560 341 570 ,
414 506 443 562 c.
462 409 692 560 PLINIUXIIIIISO
709 506 769 559 SUO
786 506 815 556 S.
853 515 862 528 '

178 623 250 686 Olim
264 642 321 685 non
335 624 436 685 librum
451 627 479 686 in
492 644 601 705 manus,
617 643 674 686 non
686 624 780 686 stilum
795 627 918 704 sumpsi;
935 624 1002 685 oIIm
1016 629 1116 689 nescio
1130 637 1143 688 1

121 707 183 788 quid
198 709 234 769 sit
253 710 356 786 otium,
382 709 448 788 quid
471 711 570 789 quies,
597 707 663 789 quid
678 708 800 789 denique
814 707 884 769 illud
898 711 974 770 Iners
992 711 1116 790 quidem,

28 861 32 869 ¹
95 791 264 852 tiucundum
280 802 375 854 tamen
397 792 466 853 nihil
486 811 591 872 agere,
615 790 683 852 nihil
705 811 788 854 esse:
813 791 885 854 adeo
900 792 986 854 multa
1002 811 1047 855 me
1067 814 1117 856 ne·

27 888 31 899 ·
118 877 191 953 gotia
204 877 357 938 amicorum
368 895 423 937 nec
438 877 578 938 secedere
589 875 769 937 necstudere
780 879 931 956 patiuntur.
951 876 1035 938 Nulla
1045 880 1144 948 enimn

23 949 27 984 ‘
117 959 203 1020 studia
215 962 284 1021 tanti
295 969 325 1020 ut
339 962 477 1021 amicitiae
495 960 620 1021 ollicium
635 959 794 1038 deseratur,
811 961 886 1040 quod
900 959 1117 1039 religiosIssime

23 1035 31 1124 ¹,
117 1043 328 1105 custodiendum
345 1044 436 1105 studia
449 1045 711 1124 ipsapraecipiunt.
744 1043 826 1104 Vale.

23 1226 29 1304 ‚1
82 1221 109 1274 ,0
594 1187 630 1252 x.

292 1289 318 1341 G
336 1291 461 1344 PLINIUS
477 1291 607 1344 FABATO
624 1288 811 1344 Pnosocnno
830 1288 889 1340 SUO
908 1289 935 1347 S

174 1392 238 1467 Quo
254 1394 345 1471 magis
364 1389 447 1472 cupis
462 1412 500 1454 ex
513 1394 596 1455 nobis
611 1402 789 1474 pronepotes
806 1391 921 1472 videre,
937 1391 995 1453 hoc
1009 1392 1137 1460 tristior]

113 1473 207 1537 audies
222 1486 339 1556 neptem
350 1486 424 1537 tuam
437 1478 566 1539 abortum
581 1477 701 1556 iecisse,
713 1477 779 1538 dum
791 1493 824 1537 se
834 1485 1037 1556 praegnantem
1048 1493 1116 1537 esse

22 1557 25 1628 'Q
114 1559 280 1637 puellariter
296 1562 439 1623 nescitae
462 1579 515 1640 per
534 1561 591 1623 hoc
607 1562 743 1642 quaedam
760 1560 946 1623 custodienda
959 1578 1115 1641 praegnan·

22 1635 26 1725 Ἰ
77 1652 104 1703 15
112 1643 185 1704 nous
200 1646 316 1745 omittit,
330 1645 398 1706 lacit
414 1646 575 1707 omittenda.
599 1646 691 1721 Quem
704 1662 831 1708 errorem
841 1663 950 1723 magnus
961 1644 1115 1706 documen
1183 1691 1184 1696 1

22 1729 25 1802 J
112 1727 147 1786 tis
162 1730 289 1808 expiavit
302 1731 330 1816 in
343 1746 481 1790 summum
495 1730 654 1809 periculum
669 1730 799 1792 adducta.
828 1727 920 1807 Igitur
938 1739 969 1789 ut
989 1740 1140 1792 necessat

23 1867 26 1876 ,
111 1821 154 1872 est
174 1815 303 1891 graviter
323 1809 449 1914 'accipias
471 1824 651 1876 senectutem
672 1824 747 1875 tuam
769 1815 850 1894 quasi
870 1814 974 1912 paratis
988 1813 1115 1914 posteris

21 1891 25 1972 ξ
111 1893 288 1974 destitutam,
309 1897 353 1958 sic
368 1896 458 1958 dehos
481 1916 568 1976 egere
589 1898 643 1960 diis
662 1899 767 1976 gratias
788 1897 865 1978 quod
879 1899 917 1958 ita
929 1897 1002 1957 tibi
993 1915 1022 1957 ιι
1033 1914 1115 1976 prae

21 1977 23 2044 Ῐ
109 1982 198 2042 sentia
210 1989 390 2061 pronepotes
404 1991 581 2059 negaverunt
596 1992 627 2043 ut
642 1992 791 2044 servarent
801 1990 929 2061 neptem,
942 1979 1009 2042 illos
1021 1980 1115 2040 reddi·

72 2064 174 2142 loturi,
189 2083 312 2144 quornm
327 2065 409 2126 nohis
425 2082 506 2143 spem
521 2067 673 2126 certiorem
683 2065 775 2127 haec
767 2083 829 2144 rpsa
839 2080 1006 2144 quamquem
1017 2080 1114 2142 parum

107 2163 249 2244 prospere
266 2148 413 2229 explorata
428 2147 587 2209 fecunditas
601 2148 679 2209 lacit
702 2145 796 2209 isdem
811 2165 886 2208 nuno
897 2164 954 2225 ego
967 2156 997 2208 te
1011 2147 1140 2225 quibust

21 2303 23 2312 Ι
107 2230 198 2308 ipsum
213 2251 262 2294 me
282 2231 382 2317 hortor
396 2248 501 2292 moneo
523 2234 669 2294 confirmo.
700 2231 803 2311 Neque
826 2233 901 2292 enim
920 2231 1064 2292 ardentius
1083 2239 1115 2291 ιιι

107 2325 287 2395 pronepotes
302 2311 384 2396 qnam
399 2331 457 2394 ego
472 2314 581 2378 liberos
595 2316 695 2396 cupio,
709 2316 812 2394 quibus
820 2316 923 2378 videor
931 2331 997 2376 meo
1005 2325 1113 2394 tuoque

105 2395 195 2460 latere
217 2417 341 2500 pronum
360 2401 395 2462 ad
413 2398 538 2461 honores
558 2402 615 2460 iter
635 2409 665 2460 et
678 2398 772 2462 audita
788 2400 871 2462 latius
885 2401 997 2460 nomina
1013 2409 1042 2460 et
1056 2415 1113 2460 non

69 2482 240 2546 assumas
231 2485 370 2562 imagines
381 2483 542 2545 relicturus.
575 2482 734 2546 Nascantur
748 2483 833 2545 modo
847 2495 877 2546 et
892 2484 969 2546 huno
985 2493 1112 2547 nostrum

105 2563 237 2628 dolorem
252 2567 356 2646 gaudio
370 2574 486 2645 mutent.
519 2567 601 2630 Vale.

584 2713 634 2776 xl.

352 2815 380 2870 o
399 2813 523 2867 ausurus
538 2813 719 2867 msuununu
737 2813 864 2869 sunus

65 2913 97 2970 ³0
167 2913 244 2976 Cum
262 2914 405 2976 adlectum
426 2925 504 2976 tuum
522 2935 590 2994 erga
608 2917 702 2978 fratris
724 2916 808 3000 liliam
822 2917 937 2994 cogito,
957 2915 1041 2976 etiam
1054 2930 1132 2982 ιιι-ι

103 3006 184 3058 terna
200 2999 378 3076 indulgentia
392 2999 568 3078 molliorem,
595 3000 734 3078 intellego
749 2985 828 3079 prius
844 2999 894 3060 tibi
910 2999 987 3077 quod
1001 3009 1046 3061 est
1059 3016 1111 3078 po·

103 3084 210 3144 sterias
227 3084 426 3161 nuntiandum,
448 3091 478 3142 ut
499 3095 682 3164 praesumpta
696 3083 802 3146 laetitia
819 3081 1001 3144 sollicitudini
1017 3082 1112 3144 locum

102 3182 158 3224 non
173 3165 329 3244 relinquat.
362 3165 536 3245 Quamquam
556 3185 662 3229 vereor
674 3187 712 3230 ne
727 3176 795 3247 post
810 3166 1025 3245 gratulationem
1041 3184 1111 3246 quo·

102 3250 202 3326 quein
220 3259 328 3310 metum
342 3250 444 3311 redeas
459 3259 544 3349 atque
559 3251 598 3312 ita
618 3251 742 3329 gaudeas
762 3250 906 3351 periculo,
916 3249 1062 3312 liberatam
1081 3261 1112 3312 ιι

62 3332 186 3393 marmur
204 3333 458 3413 quodpericlitata
473 3335 510 3395 sit
523 3334 739 3414 perhorrescas.
761 3333 881 3412 Hilaris,
897 3335 951 3395 iam
965 3334 1036 3413 sibi,
1058 3335 1139 3400 tana

101 3415 170 3475 milri
181 3415 297 3478 reddita
303 3418 434 3497 ‚incipit
447 3418 527 3478 reiici
544 3421 796 3498 transmissumque
811 3418 963 3479 discrimen
979 3419 1111 3479 convale·

100 3493 215 3641 scpndo
232 3500 337 3642 ιὲοιίή.
369 3501 433 3562 Fuit
448 3499 584 3580 alioqui
575 3522 602 3562 m
620 3521 730 3564 summo
745 3502 1055 3646 discrimineilinpune
1071 3500 1112 3560 di·

163 3603 219 3642 Luni
267 3605 282 3643 Ρ
