2584 3972
372 254 635 318 EPISTULARUM
649 256 696 318 Vl.
719 267 822 321 arca.
1048 257 1109 324 lua

117 415 263 486 temporum
277 417 438 470 nostrorum
451 409 564 486 ingenia
579 407 717 488 despicio.
739 406 843 488 Neque
854 408 928 471 enim
940 411 1021 490 quasi
1033 410 1109 474 lassa

117 500 142 551 et
164 491 247 553 edeta
266 502 364 554 natura
384 491 453 553 nibil
472 495 526 552 iam
540 491 680 554 laudabile
697 493 779 573 parit.
809 491 913 572 Adque
927 494 1000 555 adeo
1016 505 1134 575 nupert

116 573 182 635 audii
201 575 358 654 Vergilium
377 574 533 636 llomannm
560 578 658 654 paucis
685 576 830 655 legentem
852 578 1044 656 comoediam,
1072 579 1108 641 ad

115 659 252 738 exemplar
271 662 379 722 veteris
395 659 561 721 comoediae
577 661 710 738 scriptam
726 671 782 722 tam
797 659 872 722 bene
890 670 920 722 ut
937 679 1005 723 esse
1021 680 1107 740 qnan-

92 741 199 822 tdoque
212 746 306 824 possit
321 743 474 824 exemplar.
497 742 605 804 Nescio
621 762 656 804 an
666 746 744 806 noris
762 743 912 806 bominem.
936 743 1136 825 Quanquama

112 842 191 887 nosse
203 827 308 889 debes:
325 836 369 891 est
381 829 454 888 enim
465 828 606 908 probitate
619 847 737 906 morum,
754 829 861 906 ingenii
873 827 1024 907 elegantia,
1037 825 1129 909 ope!

112 927 166 970 mm
184 914 322 973 varietate
342 912 541 972 monstrabilis.
583 911 705 992 Scripsit
725 912 899 973 mimiambos
919 913 1043 974 tenuiter
1067 921 1137 976 aru

111 1001 173 1070 gnte
191 1004 330 1074 venuste,
353 996 446 1076 adque
469 997 497 1056 in
517 995 573 1057 boc
594 1014 704 1074 genere
729 996 980 1074 eloquentissime;
1001 996 1109 1058 nullum

113 1087 152 1138 est
177 1081 250 1140 enim
269 1097 361 1157 genus
382 1079 459 1159 qnod
479 1078 639 1141 absolutum
658 1098 714 1141 non
730 1082 823 1160 possit
847 1080 1109 1160 eloquentissimum

79 1160 175 1222 todiot:
190 1165 307 1243 scripsit
322 1162 501 1240 comoedias,
523 1161 705 1225 Menandrum
719 1163 849 1243 aliosque
864 1165 964 1226 aetatis
981 1164 1109 1226 eiusdem

111 1246 272 1309 aemulatus:
296 1247 366 1309 licet
385 1247 436 1308 has
452 1249 525 1308 inter
544 1246 684 1309 Plautinas
708 1247 948 1326 Terentianasque
962 1266 1105 1310 numeres.

110 1327 184 1390 Nune
199 1333 319 1411 primum
339 1349 372 1392 se
391 1332 421 1392 in
434 1340 533 1391 vetere
548 1331 713 1410 comoedia,
740 1331 792 1392 scd
812 1347 868 1390 non
882 1339 1022 1408 tamquam
1037 1333 1132 1392 inci-5

110 1422 195 1491 peret,
212 1413 346 1476 ostendit.
364 1412 430 1476 Non
445 1413 486 1474 illi
497 1416 558 1492 vis,
574 1432 630 1476 non
644 1414 798 1493 granditas,
813 1432 871 1475 non
884 1413 1035 1492 subtilitas,
1051 1415 1108 1476 non

110 1498 271 1577 amamtndo,
293 1516 350 1559 nou
373 1497 512 1576 dulcedo,
539 1516 597 1560 non
616 1498 700 1577 lepos
723 1498 828 1560 deluit:
849 1500 958 1559 ornavit
977 1500 1106 1577 virtutes,

78 1588 103 1640 lt
111 1580 257 1643 insectatus
276 1589 320 1643 est
337 1584 421 1662 vitia,
445 1583 518 1643 lictis
538 1582 697 1644 nominibus
713 1581 865 1661 decenter,
887 1584 964 1644 veris
978 1600 1048 1644 usus
1063 1590 1108 1644 est

111 1674 180 1742 apte.
204 1663 287 1727 Circa
302 1684 347 1726 me
362 1675 467 1726 tantum
482 1666 657 1745 benignitate
672 1667 754 1726 nimia
768 1665 880 1727 modum
896 1668 1033 1742 excessit,
1051 1667 1133 1727 nisit

110 1747 180 1825 qnod
199 1759 293 1811 tamen
316 1752 411 1828 poetis
432 1751 543 1812 mentiri
563 1750 642 1811 licet.
673 1748 705 1810 ln
727 1767 850 1828 summa,
878 1750 1057 1828 extorquebo
1079 1749 1130 1810 cil

110 1827 203 1892 librum
225 1832 454 1914 legendumque,
478 1835 563 1894 immo
585 1833 770 1895 ediscendum
793 1835 898 1894 mittam
919 1833 985 1903 tibi;
1010 1851 1106 1913 neque

111 1917 176 1975 enim
191 1916 288 1979 dubito
301 1916 423 1978 futurum
434 1927 463 1979 ut
474 1934 531 1977 non
543 1915 681 1997 deponas,
698 1918 722 1978 si
733 1916 825 1978 semel
835 1919 1001 1996 sumpseris.
1022 1916 1104 1978 Vale.

77 1999 103 2052 ²⁰
560 2048 651 2110 xxn.

392 2151 419 2203 G.
436 2147 561 2202 PLINIUS
575 2149 683 2203 TIRONI
702 2147 764 2201 SUO
781 2147 807 2199 S.

165 2250 266 2332 blagna
281 2271 329 2314 res
347 2260 411 2314 acta
425 2262 470 2315 est
485 2257 607 2318 omnium
622 2258 669 2335 qni
691 2265 756 2317 sunt
770 2254 925 2335 provinciis
938 2252 1132 2334 praefuturi,1

109 2351 202 2413 magna
223 2339 346 2398 omnium
367 2339 414 2416 qui
436 2357 469 2398 se
489 2340 659 2418 simpliciter
681 2339 800 2400 credunt
815 2341 921 2400 amicis.
952 2337 1134 2404 Lustriciusa

76 2417 262 2482 25Bmttianus
277 2439 341 2481 cum
355 2420 516 2506 bldntanum
529 2425 699 2502 Atticinum,
717 2424 847 2484 comitem
863 2441 954 2500 suum,
969 2423 998 2481 in
1012 2421 1107 2482 multis

109 2501 213 2580 lagitiis
230 2504 447 2584 deprendisset,
467 2505 582 2568 Caesam
596 2509 720 2586 scripsit.
743 2507 885 2568 Atticinus
900 2506 1014 2584 flagitiis
1029 2504 1107 2565 addi·

109 2585 145 2646 dit
158 2597 186 2648 ut
201 2607 286 2668 quem
301 2588 456 2667 deceperat
472 2601 630 2654 accusaret.
663 2590 794 2669 Recepta
809 2591 934 2668 cognitio
950 2597 1009 2650 ost:
1025 2587 1065 2648 ini
1079 2590 1108 2648 in

110 2671 237 2735 consilio:
262 2674 323 2750 egit
335 2681 455 2753 uterque
471 2691 524 2752 pro
539 2693 589 2752 se,
605 2677 664 2752 egit
679 2683 772 2735 autem
787 2676 905 2752 carptim
919 2681 948 2732 et
962 2662 1045 2732 κατὰ
1055 2690 1106 2730 κε-

110 2749 258 2835 φάλαιον,
272 2773 328 2836 qno
343 2775 451 2834 genere
465 2760 570 2819 veritas
586 2760 679 2819 statim
694 2757 859 2818 ostenditur.
892 2754 1011 2816 Protulit
1025 2753 1133 2818 Brut-3

76 2837 192 2900 dodanus
208 2849 408 2902 testamentum
427 2860 524 2919 sunm,
550 2843 627 2921 quod
646 2840 763 2901 Atticini
784 2858 866 2901 manu
886 2840 1023 2918 scriptum
1038 2856 1106 2899 esse

110 2918 231 2994 dicebat:
259 2924 317 2985 hoc
338 2926 461 2986 enimet
485 2943 585 2986 arcana
605 2925 777 2986 familiaritas
800 2935 829 2986 ct
852 2921 990 3003 querendi
1010 2922 1045 2983 de
1068 2940 1104 2983 eo

109 3020 186 3081 quem
206 3010 249 3068 sie
269 3017 391 3069 amasset
411 3012 569 3071 necessitas
590 3009 772 3070 indicabatur.
809 3007 993 3068 Enumeravit
1016 3007 1133 3070 mimi-4

108 3103 140 3147 na
158 3089 242 3152 loeda
262 3092 423 3162 maniiesta;
454 3112 527 3173 qnae
546 3092 614 3171 ille,
643 3111 708 3156 cnm
729 3092 838 3153 diluere
856 3109 914 3153 non
931 3099 1049 3170 posset,
1066 3091 1106 3149 ita

109 3177 227 3248 regessit
247 3184 295 3254 ut,
322 3175 387 3236 dum
406 3175 583 3256 defenditur,
606 3178 708 3256 turpis,
737 3176 802 3237 dum
822 3184 954 3251 accusat,
978 3171 1105 3234 scelera·

76 3257 151 3316 urm
176 3259 354 3336 probaretur.
392 3256 534 3340 Corrupto
561 3263 636 3321 enim
660 3260 773 3322 scribae
801 3277 886 3322 servo
912 3260 1106 3335 interceperat

110 3345 320 3404 commentarios
341 3345 596 3424 intercideratqne,
623 3363 658 3406 ac
679 3361 732 3423 per
753 3361 889 3405 summum
906 3341 988 3403 neias
1007 3341 1104 3402 uteba-

109 3428 151 3480 tur
169 3423 306 3488 adversus
326 3430 446 3488 amicum
466 3430 581 3491 crimine
609 3446 671 3490 suo.
709 3427 790 3489 Fecit
818 3426 1009 3506 pulcherrime
1031 3423 1131 3484 Cae-5

110 3521 159 3565 sur.
194 3507 260 3571 Non
281 3513 355 3571 enim
374 3510 410 3572 dc
426 3511 570 3574 Bruttiano
585 3511 638 3574 scd
658 3513 751 3574 statim
772 3511 807 3574 de
822 3510 947 3573 Atticino
965 3523 1102 3588 perroga
