2580 3970
365 235 630 300 PANEGYRIGUS
647 246 691 302 78.
703 246 748 302 ts.
758 247 802 304 80.
816 247 863 302 81.
1046 237 1111 304 289

103 395 243 473 sumpsit,
266 403 323 454 tam
345 391 465 469 diligens
487 391 701 470 temperamenti
720 400 750 451 ut
768 409 825 452 nec
843 391 970 452 consulis
985 389 1110 452 cilicium

103 480 241 558 princeps
263 495 319 536 nec
337 477 475 554 principis
498 474 598 534 consul
612 472 771 551 adpeteret.
800 473 936 535 Videmus
951 484 981 535 ut
995 477 1109 553 provin-

105 563 211 621 ciamm
226 558 393 636 desideriis,
414 566 445 619 ut
460 558 633 636 singularum
649 559 732 617 ctiam
748 558 891 620 civitatum
907 558 1042 636 precibus
1060 576 1110 620 oo·

106 653 211 705 currat.
222 641 307 703 Nulla
321 645 349 702 iu
363 642 503 703 audiendo
519 640 681 719 difficultas,
697 640 774 703 nulla
789 643 818 701 in
833 641 1036 720 respondendo
1048 661 1107 702 mc-

77 741 149 790 5ra:
164 726 268 788 adeunt
284 728 391 801 statim,
408 725 582 787 dimittuntur
597 725 705 794 statim;
727 725 896 804 tandemque
911 727 1049 804 principis
1066 727 1109 786 lo·

102 831 153 872 res
168 810 287 871 exclusa
308 809 481 887 legationum
497 809 580 870 turba
591 825 647 868 non
663 807 785 869 obsidet.
818 806 912 883 Quid?
934 812 963 869 in
979 810 1107 872 omnibus
1119 819 1160 884 80

106 893 319 972 cognitionibus
336 910 418 971 quam
435 893 509 954 mitis
531 893 687 968 severitas,
715 909 797 971 quam
816 909 872 952 non
892 892 1030 956 dissoluta
1047 893 1108 954 cle·

102 976 222 1039 mentia!
249 975 314 1036 Non
328 975 531 1053 locupletando
548 977 620 1036 lisco
639 974 746 1053 sedes,
767 995 823 1037 nec
839 976 915 1037 aliud
929 977 979 1036 tibi
994 985 1107 1038 sentcn-

103 1064 160 1122 tiae
177 1071 243 1121 tuae
255 1062 377 1138 pretium
392 1077 474 1138 qnam
491 1059 565 1120 benc
582 1059 735 1120 iudicasse.
765 1060 845 1120 Stant
859 1069 924 1122 ante
938 1069 968 1120 te
984 1060 1107 1139 litigato·

60 1158 96 1209 10
104 1164 153 1206 rcs
167 1163 223 1204 nou
234 1143 271 1204 de
286 1142 405 1204 fortunis
420 1146 490 1221 suis,
506 1142 558 1202 sed
573 1141 608 1203 de
624 1152 672 1203 tua
689 1143 895 1205 existimatione
910 1144 1036 1221 solliciti,
1052 1163 1107 1204 nec

103 1238 161 1290 tam
174 1237 314 1288 verentur·
327 1225 393 1306 quid
408 1225 444 1286 de
461 1244 545 1288 causa
561 1245 611 1286 sua
624 1244 707 1306 quam
720 1226 835 1305 quidde
849 1228 974 1289 moribus
990 1228 1107 1289 sentias.

106 1311 130 1371 0
150 1330 221 1372 vere
243 1312 383 1390 principis
403 1319 488 1389 atque
503 1313 587 1372 etiam
607 1310 750 1388 consulis,
776 1311 966 1371 reconciliare
980 1311 1107 1373 aemulas

105 1397 252 1473 civitates,
278 1402 476 1472 tumentesque
498 1394 622 1474 populos
643 1411 699 1454 non
717 1396 837 1474 imperio
857 1396 948 1473 magis
965 1412 1047 1473 quam
1063 1411 1107 1454 ra-

104 1482 182 1539 tione
200 1495 395 1557 conpescere;
412 1477 593 1539 intercedere
607 1478 800 1556 iniquitatibus
814 1481 1043 1557 magistratuum,
1065 1480 1106 1538 irr-

59 1564 271 1641 15fectumque
297 1561 420 1622 reddere
441 1560 576 1641 quidquid
597 1563 658 1622 lieri
678 1577 736 1622 non
761 1565 931 1640 oportuerit;
960 1571 1107 1642 postremo

103 1645 280 1707 velocassrmr
295 1644 397 1706 ardoris
411 1662 492 1705 more
502 1642 599 1706 *omnia
610 1646 757 1723 invisere,
779 1649 869 1706 omnia
883 1646 997 1723 audire,
1012 1657 1043 1706 et
1056 1665 1107 1706 un-

104 1731 264 1808 decumque
285 1732 446 1790 invocatum
460 1731 569 1807 statim,
591 1729 671 1790 velut
683 1729 929 1806 namen,.adesse
944 1739 974 1791 ct
987 1729 1106 1790 adsiste·

103 1813 150 1874 re!
180 1813 257 1873 Talia
276 1831 343 1874 esre
366 1812 534 1873 crediderim
553 1831 625 1892 quac
645 1815 710 1892 ipsc
732 1813 826 1872 mundi
844 1832 947 1893 parens
968 1821 1107 1892 temperat

105 1906 190 1974 nuta,
212 1899 237 1957 si
257 1895 368 1976 quando
379 1895 489 1972 ‚oculos
505 1895 617 1957 demisit
631 1898 660 1956 in
674 1905 766 1957 terras
781 1906 810 1957 et
825 1896 882 1958 iata
896 1895 1052 1957 mortalium
1065 1897 1106 1955 in

58 1989 150 2050 aoter
169 1981 261 2042 divim
283 1998 371 2060 opera
390 1996 538 2041 numerare
553 1979 683 2057 dignatus
698 1988 758 2040 est:
781 1998 835 2058 qua
849 1998 924 2041 nanc
939 1989 1019 2059 parte
1033 1979 1107 2038 liber

105 2062 290 2143 solutusque,
306 2073 412 2126 tautum
429 2062 510 2123 caelo
525 2072 622 2141 vacat,
645 2073 797 2143 postquam
810 2073 840 2124 te
857 2063 950 2140 dedit,
974 2065 1021 2142 qui
1038 2079 1106 2139 erga

104 2166 187 2209 omne
209 2149 351 2208 hominum
376 2165 468 2225 genas
493 2148 559 2208 vice
585 2165 637 2207 saa
662 2147 832 2225 fungereris.
871 2147 1011 2225 Fungcris
1033 2147 1106 2206 enim

104 2232 271 2310 suilieisquc
282 2231 437 2309 mandanti,
460 2249 524 2291 cum
538 2232 588 2291 tibi
605 2230 666 2292 dies
681 2232 771 2291 omnis
786 2249 892 2292 summa
908 2249 971 2292 cum
986 2228 1105 2291 utilitate

103 2326 217 2394 nostra,
234 2333 341 2377 summa
356 2333 419 2376 cum
436 2325 483 2376 tua
497 2313 580 2374 laude
597 2314 742 2375 condatur.

56 2413 94 2465 25
167 2398 276 2473 Quodsi
291 2399 402 2478 quando
421 2416 485 2459 cum
498 2398 681 2460 induentibus
695 2400 819 2477 negotiis
834 2399 911 2478 paria
930 2398 1043 2475 fecisti,
1064 2398 1105 2458 in·
1117 2399 1156 2462 81

103 2493 162 2544 star
179 2481 346 2545 reiectionis
366 2484 509 2544 existimas
523 2485 706 2544 mutationem
727 2483 844 2544 laboris.
874 2482 954 2556 Quae
971 2482 1045 2544 enim
1061 2501 1106 2542 re·

102 2568 201 2628 missio
215 2568 265 2627 tibi
279 2569 333 2626 uisi
348 2566 469 2628 lustrare
484 2566 585 2645 saltus,
601 2577 738 2628 excutere
754 2565 896 2643 cubilibus
912 2566 1005 2643 ieras,
1021 2583 1106 2644 supe-

101 2667 166 2710 rare
183 2650 309 2711 inmensa
322 2652 456 2711 montium
470 2651 536 2727 iuga
550 2659 580 2710 et
593 2651 774 2711 horrentibus
788 2649 918 2728 scopulis
933 2649 1051 2727 gradum
1066 2649 1106 2706 in·

102 2734 197 2810 ferre,
213 2733 316 2795 nullius
328 2751 427 2812 manu,
439 2733 544 2794 nullius
555 2735 679 2812 vestigio
691 2735 833 2811 adiutum,
848 2741 933 2811 atquc
947 2734 1021 2794 inter
1033 2731 1106 2790 haec

55 2831 94 2885 50
103 2818 151 2896 pia
165 2827 259 2877 mente
275 2817 352 2878 adire
366 2816 449 2878 lucos
463 2827 492 2878 et
508 2834 662 2878 occursare
676 2813 856 2879 numinibus?
880 2815 954 2876 Olim
967 2815 1040 2877 haec
1056 2833 1106 2874 ex·

101 2901 243 2980 parientia
257 2902 429 2979 inventutis,
445 2901 518 2962 hacc
534 2900 666 2980 voluptas
679 2909 756 2979 erat,
774 2901 819 2962 bis
834 2901 941 2962 artibus
954 2900 1039 2960 luturi
1056 2897 1105 2958 du·

103 3003 155 3045 ces
169 2984 374 3063 imbuebantur,
398 2993 508 3045 certare
523 2994 586 3044 cum
599 2985 749 3063 fugacibus
766 2984 836 3044 ieris
858 3002 957 3063 cursu,
981 3002 1044 3044 cum
1057 3000 1105 3042 au·

102 3067 221 3147 dacibus
235 3069 358 3146 robore,
379 3086 443 3128 cum
459 3067 569 3130 callidis
583 3078 658 3140 astu;
685 3086 740 3130 nec
755 3067 900 3129 mediocre
917 3069 997 3146 pacis
1015 3067 1104 3128 decas

101 3151 260 3212 habebatur
274 3161 411 3213 summota
430 3153 535 3232 campis
550 3153 673 3232 inruptio
693 3153 816 3214 ferarum
829 3161 858 3212 ct
872 3151 1020 3213 obsidione
1039 3155 1105 3227 qua-

55 3246 92 3302 ³5
103 3234 167 3296 dam
186 3235 322 3298 liberatus
344 3238 499 3314 agrestium
520 3235 612 3298 labor.
642 3235 822 3316 Usurpabant
836 3232 955 3312 gloriam
969 3235 1051 3296 istam
1064 3232 1105 3293 illi

101 3336 217 3398 quoque
229 3319 374 3399 principes
384 3321 431 3398 qui
445 3320 526 3380 obire
540 3337 597 3380 non
610 3329 756 3399 poterant:
769 3318 941 3398 usurpabant
954 3328 1047 3379 autem
1060 3319 1105 3377 ito

100 3411 132 3462 ut
146 3402 265 3463 domitas
278 3403 442 3482 fractasque
457 3403 586 3465 claustris
601 3403 677 3465 ieras
694 3422 729 3466 ac
743 3402 846 3464 deinde
859 3403 889 3462 in
899 3402 1026 3480 ipsomm
1043 3400 1104 3478 qui·

101 3484 167 3547 dem
187 3485 337 3548 ludibrium
365 3487 483 3549 emissas
501 3489 617 3549 mentita
636 3489 792 3566 sagacitate
813 3484 992 3563 colligerent.
1031 3481 1104 3544 Huic

142 3575 215 3629 Pnrru
229 3574 278 3630 Es.
869 3569 908 3630 19
