2580 3978
170 303 190 364 8
596 300 630 363 G.
650 302 747 364 PblNI

170 471 228 515 non
250 461 402 533 sequatur,
426 452 535 514 ideirco
553 454 630 532 quod
653 454 774 532 gloriam
794 457 898 517 meruit
915 457 1006 518 minus
1026 457 1176 536 pulchrum
1286 473 1287 482 ¹

125 552 161 602 15
171 546 226 598 est.
246 535 270 600 li
283 553 354 597 vero
370 537 419 616 qui
436 536 587 597 benefacta
606 555 657 598 sua
673 538 772 599 verbis
789 539 926 618 edomant
940 558 996 601 non
1010 541 1078 602 ideo
1092 560 1175 620 prae·
1286 553 1287 560 ’

171 621 266 682 dicare
287 623 353 700 quia
373 621 513 698 fecerint,
538 621 643 682 redut
664 621 862 700 praedicarent
884 623 992 686 fecisse
1011 625 1175 686 creduntur.

170 705 231 783 Sic,
244 703 323 784 quod
335 705 516 783 magnificum
527 704 676 778 ,referente
689 705 746 766 alio
763 705 879 785 luisset,
897 709 963 786 ipso
978 710 1026 787 qui
1042 719 1176 787 gesserat

169 798 341 850 recensente
363 789 500 849 vanescit.
528 787 666 850 Homines
682 791 771 868 enim,
794 808 857 850 cum
877 808 938 853 rem
953 791 1102 854 destruere
1116 801 1200 854 non5
1286 789 1287 846 ἶ

171 882 311 952 possunt,
328 872 511 933 iactationem
526 873 588 934 cius
606 874 764 934 incessunt.
794 873 853 953 Ita,
876 876 902 936 si
924 875 1035 936 silenda
1055 876 1174 955 leceris,
1286 895 1287 898 ’

127 956 275 1022 16lactum
289 953 396 1035 ipsum,
412 957 437 1017 si
451 955 587 1016 laudanda
601 972 657 1016 non
672 957 771 1035 sileas,
790 950 854 1037 ipse
870 957 1005 1037 eriperis.
1039 958 1087 1019 ble
1103 978 1175 1020 vero
1286 959 1287 1010 l

172 1039 325 1119 peculiaris
345 1039 483 1119 quaedam
497 1039 606 1118 inpedit
621 1041 704 1101 ratio.
736 1040 850 1102 Etenim
867 1041 942 1102 bunc
957 1045 1050 1121 ipsum
1066 1060 1175 1104 sermo·
1286 1081 1287 1086 κ

170 1140 307 1185 nomnen
330 1124 406 1202 apud
424 1122 562 1202 populum
584 1122 636 1185 sed
654 1125 729 1203 apud
755 1125 926 1188 decuriones
946 1126 1047 1206 habui,
1070 1145 1125 1187 nec
1145 1129 1175 1186 in

128 1216 162 1273 17
169 1207 323 1287 propatulo
344 1207 397 1268 sed
419 1209 448 1268 in
470 1209 557 1267 curia.
586 1206 781 1287 Vereorergo
802 1220 833 1270 ut
851 1211 888 1272 sit
909 1213 978 1271 satis
998 1227 1172 1288 congruens,
1184 1225 1221 1277 lo
1286 1213 1287 1218 ’

171 1309 235 1352 cum
251 1292 281 1352 in
303 1290 424 1352 dicendo
448 1291 670 1352 adsentationem
684 1291 765 1370 vulgi
781 1293 1072 1372 adclamationemque
1092 1293 1173 1354 delu-

169 1378 272 1456 gerim,
288 1393 363 1435 nuno
375 1375 475 1437 eadem
485 1375 534 1436 illa
548 1375 674 1437 editione
691 1378 806 1455 sectari,
823 1395 944 1457 cumque
957 1376 1073 1455 plebem
1082 1379 1174 1457 ipsam

171 1461 217 1520 cui
235 1457 441 1520 consulebatur.
453 1458 550 1519 limine
565 1461 661 1519 curiae
678 1461 892 1539 parietibusque
907 1461 1110 1539 discreverim,
1136 1479 1173 1522 ne
1286 1495 1287 1518 t

170 1556 254 1622 quam
264 1545 292 1603 in
305 1544 435 1620 speciem
445 1543 607 1604 ambitionis
618 1543 784 1622 inciderem,
800 1563 874 1604 nunc
887 1562 939 1606 eos
957 1546 1040 1606 etiam
1052 1545 1088 1612 ad
1099 1561 1173 1624 quos

171 1645 208 1687 ex
220 1644 338 1686 munere
354 1636 454 1688 nostro
467 1626 539 1687 nibil
554 1627 679 1705 pertinet
693 1637 807 1706 practer
819 1628 980 1708 exemplum
994 1627 1075 1688 uelut
1090 1629 1173 1688 obvia
1182 1649 1219 1699 15
1286 1663 1287 1698 r

126 1719 162 1774 18
170 1712 360 1773 ostentatione
379 1709 677 1790 conquirere-Habes
694 1713 882 1774 cunctationis
896 1729 978 1772 meae
989 1730 1106 1782 causas;
1121 1712 1172 1772 ob·

1286 3347 1287 3404 l

170 1813 276 1938 seppar
297 1802 396 1938 tarqerp
411 1794 534 1874 consilio
549 1802 611 1872 tuo,
629 1797 709 1856 cuius
726 1796 794 1856 mibi
815 1798 970 1857 auotoritas
990 1812 1044 1874 pro
1061 1797 1171 1856 ratione

169 1896 204 1939 su
237 1880 303 1939 ciet.
362 1896 437 1944 ae„

753 2007 773 2034 κ

361 2111 389 2167 G.
407 2111 532 2164 PLINIUS
549 2011 851 2164 MINUdIIdIIFUNDANO
871 2109 931 2164 SUO
951 2112 978 2166 S.

145 2229 161 2280 1
230 2211 332 2275 blitum
348 2223 393 2275 est
410 2231 492 2288 quam
507 2213 628 2291 singulis
649 2213 750 2274 diebus
768 2215 795 2271 in
814 2213 884 2274 urbe
904 2215 975 2274 ratio
996 2223 1044 2274 aut
1059 2223 1173 2275 constet

145 2304 217 2364 aaut
232 2307 364 2358 constare
379 2295 526 2373 videatur,
548 2296 678 2375 pluribus
696 2304 854 2373 cunctaque
873 2313 930 2356 non
945 2307 1068 2358 constet.
1100 2297 1173 2358 Nam

168 2381 194 2440 si
210 2397 296 2458 quem
316 2382 480 2458 interroges
496 2379 600 2440 ‘bodie
616 2379 684 2458 quid
699 2376 837 2458 egistii’,
859 2379 1033 2458 respondeat
1056 2381 1171 2441 ‘officio

168 2471 254 2541 togae
271 2462 360 2524 virilis
382 2463 514 2540 interfui,
535 2463 680 2542 sponsalia
700 2473 748 2523 aut
769 2465 882 2542 nuptias
899 2463 1097 2544 frequentavi,
1120 2464 1220 2534 illens

62 2577 64 2584 >
168 2564 215 2607 me
232 2545 267 2606 ad
287 2546 455 2624 signandum
471 2556 684 2625 testamentum,
710 2546 760 2608 ille
775 2549 805 2607 in
822 2547 1054 2627 advocationem,
1075 2548 1127 2608 ille
1143 2551 1173 2610 in

144 2629 324 2700 sconsilium
338 2633 472 2708 rogavit.2
494 2629 573 2691 llaec
594 2631 715 2711 quodie
737 2629 844 2695 feceris
865 2634 1040 2709 necessaria,
1059 2631 1172 2711 eadem,

1180 2059 1221 2112 20

169 2717 195 2775 si
211 2714 316 2776 cotidie
328 2714 434 2776 fecisse
450 2723 480 2776 te
494 2724 623 2793 reputes,
641 2716 733 2776 inania
743 2715 885 2792 videntur,
901 2715 1092 2794 multomagis
1107 2733 1173 2776 cum

168 2800 341 2860 secesseris.
363 2796 443 2857 Tune
458 2801 532 2859 enim
547 2799 624 2860 subit
635 2799 796 2860 recordatio
812 2805 896 2878 ‘quot
911 2800 974 2862 dies
992 2818 1075 2878 quam
1091 2799 1172 2878 frigi·

143 2881 214 2948 4dis
231 2882 319 2943 rebus
334 2881 513 2960 absumpsil’
532 2881 617 2956 Quod
631 2884 728 2944 euenit
741 2882 825 2962 mihi,
842 2893 993 2963 postquam
1007 2885 1037 2944 in
1048 2883 1220 2948 Lauren-3⁰

168 2966 307 3026 tinomao
325 2975 373 3026 aut
395 2964 463 3043 lego
484 2965 591 3045 aliquid
609 2976 657 3028 aut
677 2965 774 3027 scribo
790 2969 937 3028 autetiam
956 2969 1072 3046 corpori
1086 2985 1171 3046 vaco,

142 3051 253 3116 senius
276 3049 389 3110 fulturis
410 3050 517 3110 animus
540 3054 706 3112 sustinetur.
736 3050 814 3111 Nihil
835 3052 920 3112 audio
941 3051 1019 3131 qnod
1043 3051 1171 3130 audisse,

168 3133 238 3194 nibil
258 3132 323 3194 dieo
341 3132 418 3212 quod
438 3133 545 3196 dixisse
561 3138 720 3214 paeniteat:
742 3152 826 3196 nemo
846 3134 921 3214 apud
940 3153 987 3196 me
1002 3151 1173 3215 quemquam

168 3218 294 3280 sinistris
314 3218 496 3280 sermonibus
512 3222 620 3298 carpit,
642 3221 783 3280 neminem
805 3221 870 3298 ipse
893 3219 1092 3298 reprehendo,
1113 3219 1171 3280 nisi

169 3309 262 3371 tamen
272 3318 329 3380 me,
343 3318 407 3361 oum
419 3319 517 3381 parum
529 3303 679 3364 commode
688 3304 801 3374 scribo;
816 3303 894 3364 nulla
903 3321 968 3383 spe,
977 3301 1058 3363 nullo
1067 3304 1218 3366 timore35

168 3383 322 3462 sollicitor,
339 3385 425 3448 nullis
438 3388 600 3449 rumoribus
616 3389 777 3467 inquietor:
799 3405 912 3448 meeum
931 3397 1036 3448 tantum
1055 3395 1085 3447 et
1106 3403 1171 3444 cum
1284 3431 1285 3438 a

143 3466 277 3532 olibellis
293 3468 408 3548 loquor.
447 3469 594 3532 Orectam
608 3473 807 3550 sinceramque
823 3473 926 3548 uitam,
948 3489 966 3530 o
981 3469 1065 3530 dulce
1082 3471 1172 3530 otium

167 3551 377 3632 honestumque
389 3572 423 3614 ae
437 3571 530 3633 paene
544 3557 620 3616 omni
632 3556 749 3634 negotio
765 3553 928 3633 pulchrius!
953 3553 1085 3632 Omare,
1103 3569 1120 3612 o
1136 3551 1172 3612 li·
