2584 3972
346 231 879 323 nrmruunauu1u1.1s.1c.1r.'
1068 261 1109 327 ro

99 410 271 492 propinquis
293 409 506 488 consularibus,
536 411 639 490 quibus
666 413 770 472 iudicio
792 413 919 491 ipsorum
942 432 1108 493 quamquam

99 493 335 556 adulescentulus
352 493 444 556 adhuc
457 497 512 554 iam
526 504 619 556 tamen
634 498 757 557 invicem
772 505 936 557 ornamento
952 507 1006 559 est.
1039 498 1149 569 Pro-11

99 579 166 641 inde
182 577 299 657 indulge
315 580 451 658 precibus
466 580 555 655 meis,
579 580 742 658 obsequere
761 580 899 657 oonsilio,
922 590 951 642 et
967 590 1033 642 ante
1048 599 1106 642 om·

98 664 156 741 nia,
172 665 197 723 si
212 662 348 724 festinare
362 662 479 739 videor,
504 663 643 741 ignosce,
661 665 796 742 primum,
812 664 889 742 quod
903 665 931 724 in
946 684 981 727 ca
992 667 1107 726 civitate

77 747 130 810 tin
151 765 207 826 qua
225 750 316 808 omnia
334 749 414 826 quasi
432 747 467 806 ab
489 749 697 824 occupantibus
718 757 840 826 aguntur
860 767 932 826 quae
950 748 1107 827 legitimum

100 840 214 910 tompus
230 839 384 910 expectant
398 847 455 890 non
468 837 574 892 matura
589 831 642 892 sed
657 850 722 893 sera
740 840 822 910 sunt,
838 830 952 909 deinde,
969 833 1047 912 quod
1062 852 1107 894 re-

98 933 161 976 rum
180 933 250 992 quas
268 914 386 994 adsequi
407 917 505 994 cupias
526 917 721 994 praesumptio
742 917 804 995 ipsa
826 915 946 977 iucunda
963 926 1020 978 est.
1049 916 1148 983 lle-12

99 1007 233 1059 vereatur
247 1000 301 1058 iam
317 1008 347 1060 te
364 997 470 1060 Bassus
486 1008 516 1059 ut
532 999 697 1076 consulem,
722 1009 751 1060 tu
772 999 860 1076 dilige
880 1000 1005 1062 illum'ut
1020 1019 1106 1080 quae-

100 1091 221 1161 storem,
237 1099 289 1143 nos
306 1081 429 1162 denique
447 1084 594 1161 utriusque
608 1094 735 1145 vestrum
746 1085 926 1145 amantissimi
938 1085 1046 1146 laetitia
1057 1086 1106 1146 du·

63 1166 171 1246 loplici
191 1166 376 1246 perlruamur.
409 1165 522 1228 Etenim
543 1184 607 1227 cum
628 1170 671 1228 sie
692 1177 738 1245 te,
767 1169 810 1228 sic
824 1166 943 1228 Bassum
957 1169 1105 1246 diligamus
1116 1180 1149 1234 13

98 1260 129 1311 ut
143 1249 267 1312 stillum
284 1252 488 1330 cuiuscumque
509 1260 539 1313 et
556 1261 634 1313 tuum
655 1268 862 1332 quemcumque
884 1263 1064 1330 quaestorem
1078 1256 1106 1314 in

99 1334 240 1415 petendis.
260 1335 416 1396 honoribus
442 1337 517 1396 omni
545 1351 602 1414 ope
628 1335 727 1396 labore
753 1337 844 1412 gratia
864 1337 951 1397 simus
972 1339 1104 1413 iuraturi,

99 1436 239 1498 perquam
254 1419 404 1480 iucundum
418 1418 502 1480 nobis
517 1421 590 1497 erit,
610 1421 677 1480 siin
694 1418 815 1480 eundem
832 1420 964 1480 invenem
984 1419 1105 1482 studium

99 1512 230 1565 nostmm
250 1512 279 1564 et
295 1504 434 1564 amicitiae
455 1521 536 1564 meae
557 1512 588 1564 et
608 1502 773 1564 consulatus
795 1505 835 1563 tui
852 1505 923 1564 ratio
940 1505 1104 1584 contulerit,

61 1587 121 1651 ltsi
141 1586 266 1666 denique
293 1588 428 1666 precihus
450 1589 521 1648 meis
542 1597 573 1648 tu
599 1590 776 1666 potissimum
798 1588 908 1648 adiutor
930 1592 1104 1668 accesseris,
1158 1599 1163 1606 “

99 1672 181 1732 cuius
195 1680 226 1732 et
240 1671 375 1750 suffragio
396 1681 512 1733 senatus
534 1671 721 1734 libentissime
738 1670 885 1750 indulgeat
899 1683 929 1734 ct
942 1674 1105 1735 testimonio

98 1755 250 1833 plurimum
263 1756 368 1817 eredat.
399 1756 480 1816 Vale.

567 1887 644 1950 xvt.

296 1986 325 2040 c.
343 1986 467 2040 rurums
482 1987 626 2040 vmuaro
645 1989 784 2042 rumino
804 1987 864 2050 suo
882 1987 908 2044 s,

166 2087 359 2168 (laudense,
374 2091 467 2169 gaude
483 2099 549 2167 tuo,
564 2090 657 2167 gande
673 2092 758 2151 etiam
773 2089 892 2168 publico
907 2089 1036 2149 nomine:
1057 2089 1129 2151 ad-1

98 2174 156 2235 huc
171 2173 265 2234 honor
278 2175 379 2236 studiis
398 2175 487 2234 durat.
514 2174 646 2235 Proxime
667 2191 731 2233 cum
746 2172 874 2234 dicturus
888 2171 964 2250 apud
978 2182 1104 2233 centum-

97 2260 177 2319 viros
190 2276 302 2336 essem,
319 2257 439 2320 adeundi
451 2258 519 2318 milri
531 2257 614 2320 locus
628 2259 684 2319 nisi
696 2276 712 2318 a
726 2255 876 2336 tribunali,
892 2257 947 2318 nisi
960 2274 1013 2336 per
1023 2258 1103 2336 ipsos

98 2343 211 2403 iudices
228 2342 367 2404 nonfuit:
394 2351 470 2403 tanta
491 2343 645 2422 stipatione
667 2351 764 2403 cetera
779 2342 958 2403 tenebantur.
987 2341 1033 2401 Ad
1048 2342 1130 2406 hott

57 2425 212 2506 asquidanr
236 2435 350 2488 ornatus
372 2426 543 2489 adulescens
564 2429 666 2489 scissis
691 2427 813 2503 tunicis,
841 2434 873 2485 ut
893 2427 921 2485 in
941 2425 1104 2505 frequentia

98 2511 177 2572 solet
193 2511 267 2588 lieri,
285 2510 348 2570 sola
362 2510 475 2572 relatus
489 2520 557 2590 toga
569 2512 707 2590 perstitit,
722 2520 752 2570 et
763 2509 878 2588 quidem
888 2509 968 2570 horis
980 2520 1104 2590 septem.

97 2593 169 2655 Nam
186 2604 243 2656 tam
256 2594 304 2654 diu
319 2594 378 2655 dixi
392 2612 495 2673 magno
512 2613 576 2655 cum
589 2595 700 2673 labore,
718 2595 824 2655 maiore
840 2610 904 2652 curn
915 2593 1019 2655 fructu.
1039 2594 1130 2654 stu-3

98 2680 215 2741 deamus
230 2696 302 2756 ergo
317 2696 372 2740 nec
387 2679 513 2741 desidiae
524 2688 640 2741 nostrae
657 2678 873 2758 praetendamus
885 2676 1014 2738 alienam.
1033 2679 1104 2737 Sunt

98 2764 147 2841 qui
164 2762 296 2842 audiant,
318 2773 384 2824 sunt
398 2765 447 2842 qui
464 2763 578 2842 legant,
599 2781 653 2824 nos
669 2762 755 2824 modo
773 2763 887 2840 dignum
903 2760 1010 2838 aliquid
1030 2761 1103 2821 auri·

57 2847 162 2926 robus,
179 2847 295 2926 dignum
309 2848 413 2909 chartis
428 2847 617 2909 elaboremus.
650 2846 733 2907 Vale.

586 2981 650 3042 Vll.

325 3079 353 3134 Ο.
371 3078 496 3130 PLINIUS
514 2981 621 3130 ΑΒΞΙΞΙΟ
638 3077 744 3130 GALLO
765 3078 824 3130 SUO
844 3078 870 3132 S.

160 3180 199 3242 lit
219 3181 353 3244 admones
375 3191 404 3242 et
421 3199 507 3260 rogas
528 3190 559 3242 ut
579 3183 734 3262 suscipiam
754 3199 868 3242 causam
889 3178 1033 3241 Corelliae
1054 3178 1126 3241 ab·l

56 3267 189 3332 essentis
207 3276 305 3327 contra
326 3265 360 3328 G.
379 3264 555 3344 Caecilium,
573 3266 721 3328 consulem
737 3266 926 3344 designatum.
956 3263 1041 3337 Quod
1055 3263 1103 3324 ad·

95 3367 200 3412 mones
222 3353 328 3430 gratias
348 3368 421 3430 ago,
442 3350 520 3430 quod
537 3369 623 3430 rogas
646 3367 763 3431 queror.
794 3350 950 3410 Admoneri
965 3349 1040 3409 enim
1054 3347 1102 3406 de·
1179 3339 1189 3354 '

96 3435 172 3514 beo,
187 3443 220 3495 ut
235 3437 340 3514 sciam,
358 3437 455 3514 rogari
470 3452 527 3496 non
542 3435 635 3496 debeo
653 3445 684 3495 nt
697 3435 798 3496 faciam
814 3432 891 3511 quod
908 3432 976 3493 mihi
991 3449 1047 3491 non
1061 3430 1102 3491 ia·

98 3537 168 3581 cere
183 3521 378 3600 turpissimum
403 3529 457 3582 est.
487 3520 532 3580 An
552 3538 608 3599 ego
630 3521 704 3580 tucri
722 3516 831 3581 Corelli
855 3517 939 3578 filiam
954 3509 1126 3576 duhitemiu

58 2023 92 2076 ld
