2580 3970
189 267 251 334 aaa
418 270 452 334 c.
474 272 571 335 runt
592 271 859 339 annueramus
878 288 922 343 ca.
1271 251 1273 262 ’

188 424 266 486 teriri
281 425 316 486 ab
331 426 439 504 optimo
454 443 512 486 non
527 426 629 504 potuit.
660 424 703 486 l'u
718 426 794 488 clara
808 430 906 493 indicii
922 435 963 495 tui
985 434 1066 513 signa
1078 439 1193 517 misisti,

189 526 253 569 cnm
268 509 462 587 proficiscenti
478 510 514 570 ad
528 511 686 571 exercitum
699 520 750 571 tuo
765 516 895 594 nomine,
912 525 962 577 tno
975 517 1085 582 bonore
1103 526 1195 584 cessi·

187 593 235 653 sti.
257 589 299 652 'l'c
315 609 390 653 voce
405 594 584 671 imperatoris
600 592 666 672 quid
679 594 803 655 sentires
819 597 951 679 loeutus,
966 602 1053 662 lilium
1067 605 1125 683 illi,
1142 624 1194 666 no·

186 676 230 737 bis
247 684 410 755 parentem,
433 677 483 737 tibi
501 678 666 754 pontificem
681 681 831 740 maximum
852 682 978 762 elegisti.
1007 687 1072 761 Quo
1086 692 1194 751 maiore
1232 761 1236 770 K
1272 727 1273 744 ι

186 758 288 820 fiducia
306 758 398 820 isdem
421 759 478 819 illis
495 761 570 820 votis
586 777 659 839 quae
676 762 740 840 ipse
756 779 809 839 pro
827 784 861 826 se
878 774 1033 850 nuncupari
1048 773 1127 834 iubet
1143 787 1219 837 oron

184 851 214 902 et
229 843 375 919 obtestor,
392 844 506 905 sibene
523 861 585 904 rem
601 843 762 922 publicam,
783 849 808 906 si
823 867 861 909 ex
874 852 994 914 utilitate
1012 859 1134 917 omnium
1147 878 1194 919 re·
1255 885 1262 924 ι

183 927 242 1004 git,
259 927 378 1004 primum
390 935 421 986 ut
432 927 518 988 *illum
529 928 682 1007 nepotibus
693 929 801 991 nostris
811 950 845 992 ac
856 940 1064 1017 pronepotibus
1077 959 1192 1020 serves,

185 1008 289 1070 deinde
306 1020 338 1071 nt
356 1012 525 1090 quandoque
542 1029 743 1080 successorem
761 1016 789 1074 ei
811 1017 918 1080 tribuas
940 1039 1026 1100 quem
1046 1028 1194 1104 genuerit,

186 1094 460 1173 quemiormaverit,
479 1095 658 1175 similemque
670 1095 772 1157 lecerit
782 1099 932 1182 adoptato,
951 1115 999 1166 aut
1016 1108 1041 1166 si
1058 1107 1115 1168 boe
1132 1109 1192 1171 fato

184 1187 320 1254 negatur,
338 1180 366 1238 in
384 1177 506 1239 oonsilio
523 1180 563 1240 sis
580 1179 715 1258 eligenti,
733 1192 876 1246 monstres
892 1186 1014 1267 aliquem
1026 1209 1112 1270 quem
1123 1194 1193 1253 ade
1203 1204 1234 1258 10
1252 1215 1255 1254 ι
1272 1209 1273 1218 ’

184 1262 257 1338 ptari
269 1263 297 1320 in
309 1259 450 1340 Capitolio
469 1263 580 1323 deceat.

129 1349 170 1415 95
246 1345 354 1421 Vobis,
374 1356 470 1424 patres
489 1347 660 1425 conscripti,
681 1357 816 1425 quantum
832 1350 952 1414 debeam
969 1357 1094 1434 publicis
1107 1363 1192 1420 etlam

181 1431 369 1490 monumentis
381 1432 551 1502 continetur,
561 1430 621 1492 Vos
632 1429 699 1490 mibi
710 1434 738 1491 in
745 1434 885 1496 tribunatu
896 1440 1011 1519 quietis,
1022 1444 1191 1522 inpraetura
1245 1467 1246 1474 ¹
1265 1423 1271 1471 l

180 1511 356 1590 modestiae,
369 1531 424 1575 vos
435 1514 464 1574 in
481 1516 543 1575 istis
556 1513 659 1575 ollioiis
671 1516 756 1576 etiam
766 1535 840 1596 quae
853 1540 869 1580 e
882 1522 982 1584 studiis
994 1527 1100 1586 nostris
1113 1530 1191 1590 circa

180 1593 303 1656 tuendos
328 1599 426 1657 socios
447 1598 630 1659 iniunxeratis
652 1601 746 1660 cuncti
768 1607 942 1667 constantiae
965 1610 1190 1688 antiquissimum
1199 1626 1229 1675 15

180 1678 372 1754 testimouium
387 1680 584 1759 perhibuistis.
604 1681 665 1741 Vos
683 1683 812 1759 proxime
823 1686 1042 1752 destinationem
1057 1695 1189 1756 consula·
1272 1769 1273 1774 γ

179 1771 224 1823 tus
243 1764 300 1824 mei
315 1761 359 1822 bis
377 1765 627 1826 adclamationibus
644 1764 851 1844 adprobavistis
869 1781 899 1833 ut
922 1773 1086 1854 intellegam
1104 1781 1189 1839 etiam
1235 1779 1273 1840 .''

178 1855 264 1925 atquc
283 1848 367 1908 edam
385 1849 546 1910 enitendum
561 1848 629 1908 mibi
646 1857 677 1908 ut
693 1848 768 1910 laune
787 1869 958 1917 eonsensum
975 1871 1103 1920 restrum
1121 1880 1188 1923 con·
1272 1875 1273 1898 ¹

179 1929 291 2008 plectar
302 1939 332 1991 et
348 1941 460 1993 teneam
472 1943 501 1993 et
518 1934 547 1991 in
566 1931 628 1993 dies
645 1949 774 2010 augeam.
797 1934 911 2000 Etenim
920 1944 1033 2003 memini
1051 1954 1118 2004 tnnc
1137 1965 1188 2008 re·
1259 1953 1268 1962 “

177 2013 290 2074 rissime
307 2015 424 2077 iudicari
441 2015 576 2076 meruerit
596 2017 660 2095 quis
677 2016 816 2078 honorem
833 2040 888 2082 nec
905 2043 959 2103 ne,
983 2045 1047 2087 eum
1063 2029 1231 2107 adeptusao

178 2107 233 2158 est.
254 2096 314 2160 Vos
330 2099 414 2160 modo
432 2101 527 2160 favete
539 2099 605 2160 huie
617 2103 767 2178 proposito
780 2113 809 2164 et
827 2107 953 2186 credite,
972 2113 997 2170 si
1015 2129 1101 2173 cursu
1115 2131 1187 2192 quo·

177 2179 240 2240 dam
253 2192 408 2260 provectus
420 2185 456 2244 ab
468 2183 519 2243 illo
537 2182 754 2245 insidiosissimo
767 2189 897 2267 principe
915 2201 979 2254 ante
998 2213 1081 2273 quam
1099 2199 1187 2274 proli·
1236 2236 1239 2242 ,

175 2273 286 2326 teretur
302 2265 397 2326 odium
414 2268 570 2342 bonorum,
590 2277 739 2346 postquam
758 2271 907 2346 professus
925 2286 986 2354 est,
1006 2280 1138 2358 substiti,
1157 2293 1190 2342 et

177 2364 242 2406 cnm
252 2349 379 2411 viderem
391 2369 464 2429 quae
474 2351 509 2411 ad
521 2351 646 2411 bonores
659 2353 818 2430 conpendia
836 2367 981 2437 paterent,
1001 2361 1117 2442 longine
1130 2367 1194 2426 iter.

175 2429 272 2500 malui;
291 2433 316 2491 si
326 2433 406 2493 malis
419 2433 596 2512 temporibus
609 2435 816 2500 intermaestos
828 2451 857 2502 et
874 2453 1028 2522 paventes,
1049 2447 1132 2508 bonis
1144 2451 1185 2508 in·
1194 2459 1245 2516 ue.

175 2522 220 2573 ter
231 2531 350 2577 securos
363 2517 580 2595 gaudentesque
591 2534 739 2588 numerum
758 2521 783 2579 si
800 2521 924 2604 denique
936 2529 1081 2590 intantum
1093 2531 1183 2609 diligo
1258 2557 1261 2562 ·

175 2598 310 2674 optimum
321 2601 479 2680 principem
490 2603 518 2661 in
531 2610 665 2679 quantum
677 2601 785 2664 invisus
803 2611 929 2686 pessimo
941 2611 992 2672 fui.
1016 2612 1081 2692 Ego
1098 2633 1183 2676 reve·

173 2683 284 2746 rentiae
299 2695 414 2746 vestrae
431 2686 474 2747 sic
486 2701 602 2764 semper
617 2686 782 2764 inserviam,
801 2709 858 2751 non
875 2702 905 2753 at
922 2712 967 2756 me
986 2697 1136 2759 consulem
1153 2709 1186 2761 et

173 2783 239 2828 mox
252 2767 447 2847 consularem,
461 2769 514 2831 sed
524 2777 555 2828 ut
567 2767 743 2831 candidatum
754 2775 918 2839 consulatus
930 2787 1035 2858 putem.
