2580 3970
376 243 645 353 'enunciamus
658 301 701 356 er.
714 301 814 356 esec.
1032 296 1094 361 aer

131 461 147 504 e
164 459 265 503 aroana
282 444 427 504 noscenda
441 444 532 505 ianuae
549 446 683 523 proponit
697 454 783 523 atque
800 443 933 524 explicat.
955 445 1093 527 9111111,

116 544 213 604 cesar,
240 525 308 587 nihil
328 527 567 589 accommodatius
587 527 674 587 luerit
695 527 729 588 ad
750 528 870 606 gloriam
887 547 969 608 11111111
982 533 1096 610 penitus

88 609 203 690 inspici.
227 609 298 670 Sunt
313 610 426 690 quidem
441 611 588 691 praeclara
600 629 674 690 quae
688 612 716 671 in
730 611 877 691 publicum
891 614 1024 692 prolers,
1043 615 1095 675 sed

88 711 146 754 non
161 695 269 754 minora
283 713 317 754 ea
334 713 408 774 quae
423 694 517 756 limine
533 705 627 756 tenes.
658 693 712 755 Est
729 697 909 773 magnifieum
923 697 998 775 quod
1014 706 1043 757 te
1059 698 1095 757 ab

61 779 164 842 comni
187 778 357 855 contagione
379 779 510 839 vitiorum
528 779 659 858 reprimis
679 797 714 840 ac
733 797 872 857 revocas,
897 782 949 841 sed
968 781 1095 858 magnili-

89 863 200 921 oentius
217 860 294 940 quod
309 871 384 923 tuos.
411 860 523 935 Quanto
539 864 613 922 enirn
626 863 717 940 magis
731 862 848 923 arduum
863 873 908 924 est
924 862 995 924 alios
1011 881 1093 942 prae-

88 955 165 1006 stare
181 962 264 1023 quam
279 963 329 1024 se,
352 954 428 1007 tanto
444 946 611 1007 laudabilius
627 944 720 1025 quod,
744 964 807 1005 cum
821 949 886 1027 ipse
900 949 941 1008 sis
957 949 1092 1025 optimus,

88 1046 187 1090 omnes
204 1031 280 1088 circa
293 1038 323 1089 te
339 1029 446 1090 similes
456 1032 496 1088 tui
508 1029 640 1090 effecisti.
667 1027 764 1090 llultis
779 1029 943 1090 inlustribus
958 1029 1094 1092 dedecori

86 1113 141 1174 fnit
161 1120 207 1172 aut
227 1112 415 1174 inconsultius
432 1131 505 1174 uxor
519 1111 666 1190 adsumpta
680 1123 727 1174 ant
742 1121 853 1174 retenta
868 1115 1035 1194 patientius:
1056 1115 1094 1175 ita

46 1197 160 1262 [oloris
177 1195 270 1256 claros
286 1195 441 1258 domestica
457 1196 623 1257 destruebat
638 1196 766 1274 infamia,
790 1206 819 1258 et
834 1216 870 1257 ne
886 1199 997 1257 maximi
1013 1198 1092 1258 cives

86 1281 260 1341 haberentur
274 1280 330 1340 hoc
345 1281 489 1341 efficiebat
503 1281 580 1358 quod
594 1281 683 1340 mariti
697 1283 821 1341 minores
833 1290 921 1342 erant.
944 1278 1006 1340 l'ibi
1021 1298 1094 1340 uxor

86 1367 116 1424 in
135 1364 224 1424 decus
239 1373 268 1423 et
282 1363 402 1441 gloriam
418 1364 502 1424 cedit.
530 1362 607 1438 Quid
622 1365 697 1424 enirn
710 1363 759 1424 illa
773 1360 920 1426 sanetius?
941 1363 1009 1442 quid
1022 1364 1092 1424 anti·

87 1444 192 1527 quius?
213 1445 332 1524 Nonne,
354 1450 378 1508 si
392 1448 519 1527 pontifici
537 1449 656 1508 maximo
675 1447 809 1526 eligenda
825 1450 863 1508 sit
883 1449 1021 1524 coniunx,
1044 1455 1092 1507 aut

85 1532 161 1592 hanc
175 1539 222 1591 aut
239 1530 360 1590 similem
375 1531 439 1610 (nbi
452 1541 497 1591 est
512 1541 605 1592 autem
620 1531 718 1591 similis
725 1528 755 1610 i)
768 1527 914 1609 elegerit?
937 1530 1026 1604 Quam
1043 1529 1092 1590 illa

49 1627 78 1680 15
89 1615 159 1676 nihil
173 1615 228 1676 sibi
246 1633 282 1674 ex
297 1615 409 1674 fortuna
424 1623 470 1675 tua
485 1615 539 1674 nisi
557 1614 688 1692 gaudium
700 1614 838 1676 vindieat!
862 1633 945 1694 quam
959 1624 1091 1676 constan·

85 1709 132 1760 ter
151 1715 208 1758 non
224 1700 380 1776 potentiam
395 1705 485 1776 tumn,
508 1697 561 1759 sed
580 1700 673 1777 ipsum
687 1708 716 1758 te
732 1697 894 1760 reveretur!
922 1697 1001 1759 ldem
1021 1699 1092 1758 estis

87 1783 210 1844 invicem
228 1781 305 1860 quod
319 1781 428 1858 fuistis,
451 1783 562 1861 probati
577 1800 613 1842 ex
629 1797 738 1861 aequo,
759 1782 885 1861 nihilque
899 1782 983 1842 vobis
999 1781 1091 1841 felici·

85 1879 131 1928 tas
151 1865 256 1926 addidit
275 1865 329 1924 nisi
350 1866 427 1944 quod
445 1867 521 1925 scire
544 1866 682 1945 coepistis
703 1884 785 1945 qnam
808 1867 883 1926 bene
905 1874 1027 1943 uterque
1040 1883 1090 1924 re*

86 1960 176 2012 strum
188 1947 353 2009 felicitatem
365 1949 446 2009 ierat.
467 1947 575 2009 Eadem
589 1966 670 2029 quam
680 1950 791 2010 modica
802 1947 894 2009 cultu!
910 1963 991 2027 quam
1006 1965 1091 2026 parca

41 2047 77 2100 20
87 2031 236 2095 comitatu!
252 2051 334 2111 1111111
349 2031 440 2092 civilis
452 2032 582 2093 incessu!
597 2031 688 2092 blariti
702 2032 758 2092 hoc
774 2048 863 2109 opus,
879 2033 976 2108 quiite
990 2031 1089 2107 inbuit,

84 2121 125 2178 ita
145 2116 277 2178 instituit:
301 2133 365 2176 nam
384 2117 465 2177 uxori
485 2115 591 2177 suflicit
610 2115 741 2196 obsequii
754 2115 856 2194 gloria.
887 2115 950 2192 An,
973 2133 1035 2174 cum
1049 2117 1090 2174 vi·

85 2201 153 2261 deat
169 2218 251 2280 quam
272 2210 302 2261 te
323 2199 418 2260 nullus
437 2209 547 2277 terror,
574 2198 650 2260 nulla
668 2200 817 2260 comitetur
831 2199 963 2276 ambitio,
988 2214 1046 2257 non
1061 2206 1092 2258 et

84 2289 150 2365 ipsa
166 2302 228 2344 oum
243 2283 356 2345 silentio
368 2284 480 2344 incedat
492 2283 757 2362 ingredientemque
773 2282 895 2363 pedibus
910 2283 1047 2359 maritum,
1062 2283 1090 2340 in

8 2397 9 2408 1
85 2377 221 2448 quantum
237 2370 342 2446 patitur
355 2386 461 2446 sexus,
476 2364 620 2427 imitetur?
642 2365 781 2428 Decuerit
795 2367 851 2427 hoc
869 2364 963 2444 illam,
981 2364 1090 2434 etiamsi

40 2467 74 2520 25
88 2453 202 2512 diversa
222 2461 252 2512 tu
271 2450 369 2513 iacias.
400 2451 459 2512 Snb
474 2451 527 2511 hac
542 2469 613 2511 vero
629 2451 766 2513 modestia
781 2452 835 2511 viri
858 2459 987 2530 quantam
1002 2449 1091 2510 debet

83 2534 287 2597 uerecundiam
302 2552 376 2596 uxor
387 2536 503 2612 marito,
527 2534 630 2596 femina
644 2533 712 2596 sibi!
740 2534 829 2595 Soror
842 2543 935 2595 autem
948 2543 996 2594 tna
1011 2541 1041 2592 ut
1056 2551 1089 2592 se
1100 2525 1142 2592 84

85 2637 217 2681 sororem
233 2638 299 2680 esse
311 2618 449 2680 meminit!
472 2621 545 2679 utin
564 2619 613 2680 illa
632 2629 679 2679 tna
700 2618 883 2698 simplicitas,
904 2626 952 2677 tua
972 2618 1090 2693 veritas,

84 2715 153 2766 tuus
175 2703 280 2764 candor
294 2703 472 2781 agnoscitur!
497 2711 544 2782 ut,
571 2704 595 2764 si
617 2703 679 2781 quis
695 2719 757 2762 eam
771 2704 853 2762 uxori
868 2710 933 2761 tuae
950 2698 1090 2776 conferat,

85 2789 215 2849 dubitare
236 2795 355 2866 cogatur
374 2797 465 2848 utrum
486 2789 522 2848 sit
546 2785 691 2847 efficacius
706 2785 740 2845 ad
755 2795 836 2846 reete
850 2783 1002 2845 vivendum
1016 2782 1090 2843 bene

39 2884 76 2938 30
87 2873 195 2933 institui
210 2889 245 2931 an
259 2870 384 2932 feliciter
397 2872 487 2932 nasei.
519 2868 596 2931 Nihil
616 2879 661 2930 est
675 2877 731 2929 tam
751 2885 870 2950 pronum
884 2867 920 2928 ad
933 2865 1091 2929 simultates

86 2975 171 3038 11111111
190 2955 358 3032 aemulatio,
377 2956 406 3014 in
425 2955 537 3016 leminis
551 2954 734 3034 praesertim:
758 2971 793 3014 ea
808 2970 895 3032 porro
910 2953 1029 3012 maxime
1043 2967 1091 3008 na·

86 3042 177 3103 scitur
192 3057 230 3098 cx
245 3040 462 3117 coniunctione,
485 3037 567 3098 alitur
586 3036 772 3117 aequalitate,
795 3036 955 3098 exardescit
973 3033 1090 3109 invidia,

86 3125 170 3186 cuius
186 3123 248 3182 linis
264 3132 308 3183 est
327 3120 429 3182 odium.
461 3121 525 3195 Quo
547 3122 660 3200 quidem
674 3121 863 3181 admirabilius
879 3116 1091 3182 existimandum

86 3216 134 3268 est
154 3204 231 3285 quod
249 3205 414 3266 mulieribus
430 3205 538 3266 duabus
553 3207 582 3264 in
599 3223 654 3265 una
670 3204 754 3265 domo
768 3206 887 3285 parique
901 3202 1014 3263 fortuna
1029 3197 1091 3259 nul·

40 3301 76 3354 35
84 3291 145 3350 lum
160 3297 320 3368 certamen,
340 3289 417 3350 nulla
438 3291 583 3351 contentio
599 3297 654 3349 est.
681 3289 846 3368 Suspicinnt
861 3288 1001 3363 invicem,
1020 3285 1091 3344 invi-

87 3393 151 3435 cem
169 3373 287 3443 ccdnnt;
309 3391 430 3453 cumque
444 3382 474 3434 te
493 3381 611 3451 utraque
632 3371 801 3433 eliusissime
820 3371 934 3450 diligat,
956 3367 1025 3429 nihil
1042 3385 1092 3430 sna

86 3467 187 3539 putant
200 3459 342 3520 interesse
360 3467 448 3519 utram
461 3467 492 3518 tu
507 3459 596 3534 magis
614 3474 700 3518 annes.
730 3455 809 3518 ldem
825 3456 938 3534 utrique
959 3454 1093 3533 proposi·

86 3553 163 3622 tum,
186 3541 261 3604 idem
275 3552 359 3604 tenor
372 3542 465 3621 ritae,
480 3539 606 3620 nihilque
620 3559 657 3602 ex
669 3557 726 3621 quo
741 3539 929 3684 sentials9dpas
946 3557 1023 3598 esse.
1050 3533 1104 3595 To·
