2604 3972
373 286 634 350 EPISTULARUM
647 287 711 350 vil.
729 299 771 352 31.
787 299 830 352 32.
845 299 889 354 33.
1071 283 1135 354 153Ι
1199 313 1207 328 ’

133 438 246 519 oppidis
261 439 448 501 firmissimum
464 449 665 502 ornamentum.
698 438 772 500 iliud
786 441 870 502 etiam
882 457 944 518 me,
959 458 1016 503 non
1030 450 1061 503 ut
1074 459 1131 503 am·
1120 454 1157 506 -ι

132 524 280 600 initiam,
296 522 349 583 sed
363 531 457 584 tamen
470 525 545 584 iuuat
551 523 657 603 ,quod
673 523 763 586 adicis
776 533 806 585 te
820 540 924 603 meque
939 533 969 584 et
982 528 1131 624 gratiarum

130 606 245 668 actione
260 615 290 666 ιι
304 605 388 668 laude
399 605 573 668 celebratos
600 605 655 668 list
666 625 757 686 emm
769 616 799 668 ut
811 605 974 686 idenophou
988 610 1042 685 ait,
1061 599 1130 687 nido

131 701 213 750 στιν
229 680 382 769 ἄκουσμα
394 688 541 770 ἔπαινος,
555 691 653 769 utique
669 692 694 751 si
708 698 738 751 te
750 691 853 752 mereri
867 697 962 769 putes.
993 690 1074 752 Vale.

106 781 124 832 ⁵
566 820 697 883 xxxnr.

418 915 446 971 G.
464 917 588 969 PLINIUS
606 917 721 970 oscito
735 917 795 969 sito
810 918 839 968 S.

194 1022 338 1099 Auguror,
354 1038 411 1082 nee
420 1037 466 1080 me
481 1018 552 1082 iallit
566 1020 722 1099 augurium,
737 1021 869 1083 historias
881 1031 942 1082 tuas
955 1022 1151 1086 immortalesl

131 1105 253 1174 futuram
275 1121 331 1184 quo
344 1104 434 1182 magis
448 1102 522 1180 illis,
543 1105 666 1182 ingenue
681 1104 839 1183 iatehor,
830 1105 917 1166 rnseri
932 1105 1025 1185 cupio.
1059 1105 1154 1168 Namt

87 1200 122 1252 10
130 1208 156 1250 ιι
174 1206 241 1249 esse
258 1187 341 1249 nobis
362 1203 447 1247 curae
465 1186 541 1248 ιοΙιι
556 1196 587 1248 ιι
608 1187 699 1249 ιιιιιι
718 1197 815 1249 ιοιιιι
831 1188 867 1247 ab
888 1190 993 1268 optimo
1016 1206 1130 1268 quoque

129 1271 238 1332 artifice
253 1271 442 1348 exprimatur,
463 1286 558 1330 noune
572 1267 709 1333 debemus
723 1280 822 1350 optare
833 1280 864 1332 ut
876 1271 1011 1350 operibus
1025 1275 1129 1333 nostrie

131 1353 229 1416 similis
242 1357 282 1414 tui
294 1355 416 1431 scriptor
429 1353 664 1432 praedicatorque
677 1351 840 1433 contingat?
860 1353 1032 1415 Demonstro
1043 1372 1126 1433 ergo,
1135 1365 1154 1418 3

131 1454 298 1516 quamquam
315 1435 488 1513 diligentiam
503 1445 579 1496 tuam
593 1435 695 1514 fugere
709 1455 766 1497 non
781 1439 890 1515 possit,
911 1454 975 1497 curn
991 1439 1046 1498 sit
1038 1456 1066 1498 ιι
1078 1455 1128 1516 pu·

130 1520 216 1582 blicis
239 1520 328 1598 actis,
355 1519 518 1580 demonstro
538 1528 648 1598 tamen,
672 1536 728 1600 quo
748 1521 837 1598 magis
858 1520 958 1581 credas
979 1521 1129 1581 iucundum

84 1626 121 1678 15
130 1603 197 1663 mihi
212 1603 351 1681 futurum,
374 1604 399 1663 si
412 1602 517 1662 iactum
537 1619 647 1681 meum,
670 1606 749 1664 ouius
769 1605 857 1682 gratia
878 1603 1008 1683 periculo
1027 1607 1127 1681 crevit,

130 1697 180 1748 tuo
193 1688 319 1765 ingenio,
334 1695 383 1747 tuo
395 1687 556 1747 testimonio
568 1689 722 1748 ornareris.
743 1686 869 1748 Dederat
879 1705 925 1748 me
936 1683 1051 1749 senatus
1064 1695 1155 1748 cume

129 1769 274 1833 Herennio
285 1767 448 1830 Senecione
459 1769 625 1832 advocatum
638 1769 941 1848 provinciaeBueticae
953 1780 1051 1831 contra
1057 1770 1128 1830 Bae·

130 1855 206 1915 bium
225 1852 363 1931 trason,
381 1850 567 1932 damnatoque
584 1853 679 1915 Massa
695 1862 845 1915 censuerat
859 1862 890 1914 ut
909 1854 983 1914 bona
998 1856 1059 1915 eius
1076 1872 1129 1933 pu·

129 1936 207 2000 hlioe
223 1936 442 1998 custodirentur.
461 1936 596 2014 Senecio,
614 1953 678 1996 oum
693 1937 873 2016 explorasset
884 1937 1019 1998 eonsules
1030 1946 1129 2016 postu

83 2020 282 2090 solutionibus
296 2027 469 2097 vacaturos,
493 2022 626 2080 convenit
645 2038 691 2081 me
712 2026 771 2081 ιι
775 2038 830 2100 qua
854 2019 1018 2081 concordia’
1039 2021 1131 2099 iuquit

130 2104 292 2164 iniunctam
310 2103 393 2164 nobis
413 2104 623 2164 accusationem
642 2104 772 2164 exsecuti
790 2119 903 2180 sumus,
926 2102 981 2162 hac
996 2102 1129 2164 adeamus

123 2175 266 2248 consules
283 2195 471 2266 petamusque
486 2204 523 2246 ne
538 2186 612 2246 bona
626 2185 765 2286 dissipare
780 2187 870 2247 sinaut
885 2201 1003 2264 quorum
1018 2204 1086 2247 esse
1100 2188 1129 2246 in

130 2270 259 2333 custodia
273 2270 402 2331 debent?
420 2267 593 2349 Respondi
596 2286 660 2330 eum
677 2272 765 2331 simus
777 2269 906 2330 advocati
919 2286 937 2329 a
949 2278 1049 2331 senatu
1061 2269 1154 2369 datis

129 2353 241 2434 dispice
261 2371 326 2413 num
341 2363 472 2433 peractas
491 2361 577 2432 putes
593 2361 691 2433 partes
707 2363 819 2414 nostras
834 2362 949 2414 semtus
964 2354 1128 2431 cognitione

82 2438 228 2502 25dnita?
248 2435 286 2496 Et
302 2435 353 2498 ilie
371 2441 413 2497 ‘tu
430 2454 515 2516 quem
528 2436 612 2498 voles
625 2437 676 2497 tibi
691 2440 838 2500 terminum
852 2445 976 2514 statues,
993 2437 1039 2498 ιιι
1052 2437 1129 2500 nulla

130 2537 195 2580 cum
216 2521 361 2598 provincia
379 2519 564 2581 necessitudo
583 2522 692 2581 nisiex
710 2520 852 2582 benedicio
871 2529 938 2597 tuo,
960 2529 990 2580 et
1010 2520 1066 2581 hoo
1082 2539 1129 2581 re·

130 2605 221 2663 oenti:
242 2605 306 2683 ipse
327 2612 356 2664 et
374 2613 456 2664 natus
473 2602 512 2662 ibi
527 2613 557 2664 et
577 2613 712 2682 quaestor
728 2605 757 2663 in
777 2622 813 2664 ιι
835 2603 898 2662 fui?
930 2602 1000 2662 Turn
1017 2621 1074 2681 ego
1089 2605 1151 2668 ‘sis

129 2687 215 2746 fixum
228 2687 278 2746 tihi
293 2686 368 2746 istud
383 2702 417 2746 ac
431 2684 633 2764 deliberatum,
653 2703 757 2766 sequar
776 2695 822 2764 te,
843 2695 890 2763 ut,
911 2688 936 2747 si
951 2703 1007 2765 qua
1020 2704 1058 2746 ex
1071 2686 1128 2745 hoc

128 2769 252 2846 invidia,
267 2787 323 2829 non
339 2777 443 2829 tantum
456 2773 526 2830 tua?
556 2768 691 2830 Venimus
706 2769 741 2828 ad
757 2768 908 2847 consules,
924 2768 992 2829 dicit
1006 2767 1152 2832 Senecioi

81 2867 204 2931 acquae
217 2869 266 2913 res
287 2851 411 2912 ferebat:
431 2850 524 2932 eliqua
538 2852 687 2931 subiuugo.
714 2851 834 2912 Vixdum
847 2854 1082 2930 conticueramus,
1098 2861 1128 2912 et

128 2935 224 2996 Massa
251 2943 370 3014 questus
396 2935 584 2996 Senecionem
610 2953 666 2996 non
692 2935 822 2996 advocati
845 2935 928 2996 iidem
948 2933 1002 2995 sed
1025 2935 1128 2995 inimici

127 3017 338 3080 amaritudinem
354 3018 499 3098 inplesse,
519 3019 670 3098 impietatis
684 3036 764 3080 reum
778 3018 912 3097 postulat
943 3017 1052 3079 Horror
1067 3026 1150 3080 oms

127 3104 219 3162 nium:
230 3119 288 3179 ego
301 3109 395 3162 autem
411 3105 537 3162 ‘vereor‘
552 3104 674 3181 inquam,
687 3101 849 3164 ‘clarissimi
858 3101 1005 3178 consules,
1013 3119 1050 3161 ne
1061 3101 1128 3161 mihi

127 3183 223 3248 mssa
247 3184 361 3246 silentio
380 3203 433 3246 ouo
452 3188 721 3264 praevaricationem
742 3186 899 3263 obiecerit,
925 3183 1002 3263 quod
1020 3199 1077 3244 nou
1097 3193 1128 3244 et

81 3279 173 3334 asine
192 3285 273 3328 reum
292 3267 469 3347 postulavit?
502 3267 582 3341 Quae
599 3287 658 3330 vox
677 3278 707 3329 et
726 3270 819 3330 statim
837 3278 961 3347 excepta
982 3277 1011 3329 et
1024 3275 1127 3346 postea

127 3349 217 3413 multo
238 3368 370 3412 sermone
387 3350 532 3413 celebrata
552 3362 606 3413 est.
636 3351 726 3412 Divus
741 3351 854 3432 quidem
867 3350 962 3412 Nerva
975 3350 1055 3431 (nam
1071 3351 1154 3429 pri-9

127 3443 210 3495 vatus
231 3451 346 3512 quoque
367 3434 531 3496 attendebat
549 3434 593 3496 inis
618 3453 692 3514 quae
715 3443 795 3496 recte
820 3436 848 3494 in
872 3433 989 3513 publico
1011 3433 1127 3510 tierent)

126 3520 224 3581 missis
238 3516 274 3577 ad
287 3535 333 3578 rue
352 3519 525 3597 gravissimis
545 3517 647 3579 litteris
667 3535 725 3578 non
739 3517 805 3577 mihi
826 3518 918 3578 solum
933 3535 1032 3578 vemm
1045 3518 1127 3576 etiam
