2580 3970
196 273 259 338 294
631 271 664 334 G.
679 269 778 333 Pbllll

196 421 340 504 accipiatl
354 423 406 485 llio
418 443 568 504 praesens,
579 424 629 484 ille
641 423 746 484 mavult
757 423 862 484 absens
877 423 977 483 amari:
992 432 1117 502 uterque
1132 438 1210 482 ame·

196 519 241 572 tur
262 518 292 569 ut
306 509 425 579 mavult;
445 525 529 569 nemo
546 509 577 568 in
591 507 714 569 taedium
733 507 912 586 praesentia,
932 523 1017 568 nemo
1033 509 1062 566 in
1086 505 1210 566 oblivio·

195 611 261 654 nem
276 593 404 654 absentia
414 594 515 653 ueniat.
540 589 633 652 Tenet
643 593 767 670 quisque
780 589 875 650 locum
886 607 972 669 quern
983 587 1074 652 semel
1086 590 1209 656 mereim
1272 613 1273 632 .

196 676 368 755 faciliusque
389 686 434 736 cst
454 685 485 736 ut
503 674 597 735 oculis
614 677 675 735 eius
696 674 791 735 vultus
812 675 939 736 absentis
960 689 1044 753 quam
1065 682 1098 734 ut
1114 675 1210 733 animo

198 763 299 821 caritas
314 758 437 820 excidat.
1218 767 1236 822 ⁶

145 844 187 910 88
259 842 392 922 Plerique
409 842 572 922 principes,
591 859 655 901 cum
666 850 766 902 essent
782 842 887 901 ciuium
900 840 1021 920 domini,
1039 839 1209 900 libertorum

198 937 278 989 erant
292 929 384 987 servi:
399 926 498 986 bomm
512 924 657 1003 consiliis,
672 925 772 986 bonum
787 933 856 984 num
867 925 1059 1004 regebantur,
1080 941 1135 1002 per
1153 924 1207 984 bos

196 1009 370 1087 audiebant,
393 1028 447 1089 per
463 1009 516 1069 bos
536 1007 739 1090 loquebantur,
766 1027 820 1090 per
832 1008 887 1068 bos
901 1017 1050 1087 praeturae
1072 1009 1158 1086 etiarn
1176 1015 1210 1068 et
1273 1006 1274 1067 l

198 1092 358 1156 sacerdotia
374 1101 403 1152 et
418 1091 599 1168 consulatus,
614 1094 699 1152 bnmo
711 1101 740 1152 et
751 1093 787 1152 ab
798 1091 842 1152 bis
856 1093 1038 1171 petebantur.
1060 1089 1102 1152 Tu
1115 1090 1208 1152 liber·

196 1178 234 1239 tis
244 1178 300 1238 tuis
312 1193 449 1239 summum
464 1174 578 1255 quidem
588 1175 742 1252 honorem,
758 1175 810 1236 sed
823 1184 963 1255 tamqnam
973 1175 1086 1237 libertis
1100 1174 1204 1253 babes,
1219 1183 1249 1238 m

197 1260 367 1338 munusque
382 1259 516 1321 sulficere
533 1260 567 1318 iis
584 1258 696 1338 credis,
717 1261 742 1320 si
756 1260 838 1337 probi
854 1268 883 1318 et
897 1258 973 1337 frugi
993 1260 1204 1320 existimentur.

198 1346 263 1405 Scis
283 1347 358 1405 enim
378 1344 564 1424 praecipuum
579 1361 647 1403 esse
661 1342 793 1403 indicium
811 1360 868 1403 non
882 1345 976 1421 magni
989 1343 1129 1422 principis
1145 1360 1206 1402 ma·

197 1445 271 1507 gnos
285 1427 414 1488 libertos.
443 1428 488 1487 Ao
503 1428 622 1505 primum
638 1429 778 1486 neminem
798 1428 828 1485 in
843 1445 895 1487 usu
912 1426 1003 1488 babes
1019 1427 1073 1486 nisi
1091 1434 1138 1485 aut
1152 1426 1206 1487 tibi

197 1521 245 1573 aut
262 1514 333 1589 patri
345 1519 394 1570 tuo
409 1519 456 1571 aut
470 1512 578 1589 optimo
593 1512 697 1588 cuique
711 1511 870 1591 principum
885 1509 1035 1588 dilectum,
1051 1510 1205 1589 statimque
1274 1501 1275 1570 l

197 1596 251 1656 bos
265 1596 361 1673 ipsos;
376 1594 481 1655 cotidie
497 1593 600 1655 deinde
614 1596 652 1655 ita
663 1593 767 1654 formas
783 1604 813 1653 ut
828 1611 861 1654 se
874 1611 931 1654 non
944 1603 991 1654 tua
1006 1593 1134 1671 fortuna,
1150 1592 1206 1653 sed
1214 1604 1246 1657 1⁵

198 1698 249 1741 sua
268 1679 431 1738 metiantur:
455 1687 484 1736 et
504 1687 582 1738 tanto
595 1680 685 1755 magis
700 1678 778 1755 digni
792 1678 894 1756 quibus
908 1677 1000 1739 bonor
1014 1680 1104 1738 omnis
1118 1695 1204 1755 prae·

198 1771 290 1824 stetur
303 1779 320 1821 a
333 1762 433 1840 nobis,
450 1762 515 1839 quia
530 1769 644 1822 nonest
658 1779 793 1822 necesse.
821 1759 945 1822 lustisnc
958 1762 995 1823 dc
1010 1763 1103 1822 causis
1120 1779 1204 1821 sena·

198 1856 244 1907 tus
259 1844 440 1926 populusque
457 1844 600 1904 Romanus
616 1846 713 1922 optimi
727 1845 778 1906 tibi
793 1862 954 1923 cognomen
975 1842 1101 1906 adiecit?
1119 1843 1205 1904 Para-

198 1940 257 1990 tum
270 1928 300 1989 id
317 1929 430 2008 quidem
444 1937 473 1988 et
487 1930 516 1988 in
531 1925 625 1990 medio
640 1930 779 2008 positum,
803 1947 907 1990 novom
925 1939 1027 1990 tamon.
1055 1928 1137 1989 Scias
1151 1945 1204 1987 ne·
1275 1983 1276 2028 ,

197 2015 301 2073 minem
321 2022 386 2073 ante
401 2013 557 2091 memisse,
578 2011 662 2090 ¹quod
675 2030 733 2073 non
747 2021 807 2074 erat
828 2011 1062 2091 excogitandum,
1090 2013 1114 2072 si
1137 2013 1246 2090 quisae
1275 2049 1276 2076 r

198 2099 359 2158 meruisset.
388 2095 434 2156 An
455 2098 542 2156 satius
564 2095 617 2156 luit
632 2095 748 2156 felicem
762 2094 888 2158 vocare?
909 2096 985 2174 quod
1002 2113 1058 2156 non
1073 2096 1202 2157 moribus

200 2181 252 2242 sed
263 2181 392 2252 iortunae
407 2179 500 2238 datum
511 2189 571 2240 est:
585 2181 674 2240 satius
686 2177 835 2260 magnum?
850 2181 895 2242 cui
910 2179 975 2259 plue
985 2179 1107 2239 invidiae
1118 2197 1202 2258 quam

199 2262 416 2343 pulchritudinis
435 2265 519 2323 inest.
550 2262 705 2343 Adoptauit
725 2274 754 2325 tc
775 2267 896 2343 optimus
912 2266 1047 2343 princeps
1063 2264 1201 2338 insnum,

200 2356 314 2407 senatus
335 2349 365 2407 in
384 2347 483 2424 optimi
497 2364 608 2408 nomen.
636 2347 699 2409 lloo
713 2349 765 2410 tibi
780 2357 836 2408 tam
849 2349 996 2428 proprium
1011 2364 1093 2426 quam
1107 2355 1203 2424 pater·

199 2447 279 2498 num;
307 2447 362 2489 nec
380 2431 471 2506 magis
493 2428 625 2490 distincte
651 2430 823 2510 defluiteque
841 2430 971 2510 designat
986 2433 1033 2511 qui
1053 2429 1202 2491 Traianum
1210 2439 1245 2492 25

201 2529 283 2593 quam
297 2513 345 2592 qui
361 2513 497 2592 optimum
512 2512 653 2592 appellet,
670 2523 700 2574 ut
714 2515 782 2576 olim
795 2514 956 2594 impalitntc
971 2514 1109 2591 Pisones,
1125 2515 1201 2591 sapi·

200 2598 275 2657 entia
288 2595 392 2675 Laelii,
408 2598 515 2676 pietate
530 2594 641 2658 Metelli
652 2600 886 2660 monstrabantur.
916 2599 996 2673 Quae
1011 2596 1095 2658 simul
1109 2597 1203 2656 onmia

199 2697 257 2742 uuo
277 2682 332 2741 isto
353 2681 465 2741 nornine
486 2681 675 2743 continentur.
708 2681 773 2744 Neo
790 2682 881 2744 videri
895 2691 993 2762 potest
1010 2684 1133 2761 optimus
1147 2681 1202 2740 nisi

200 2768 248 2844 qui
270 2773 314 2825 est
335 2765 464 2824 omnibus
486 2765 599 2844 optimis
619 2767 649 2824 in
668 2784 720 2827 sua
740 2767 876 2846 cuiusque
896 2765 979 2827 laude
1002 2766 1203 2844 praestantior.

199 2847 303 2909 Merito
320 2848 370 2907 tibi
386 2864 456 2925 ergo
471 2855 537 2925 post
552 2857 664 2910 ceteras
679 2850 886 2930 appellationes
899 2848 972 2911 baec
987 2859 1032 2910 est
1048 2847 1156 2924 addita,
1173 2855 1244 2909 ut3tt

199 2933 295 2991 maior.
316 2928 409 2990 illinus
424 2937 470 2990 cst
484 2932 558 2992 enim
572 2933 771 3011 imperatorem
787 2943 817 2994 et
832 2931 983 2996 Gaesarem
999 2942 1028 2993 et
1041 2931 1204 3008 Augustum

201 3031 283 3093 quarn
304 3013 434 3074 omnibus
454 3015 671 3094 imperatoribus
689 3027 719 3078 et
741 3014 911 3079 (laesoribus
932 3025 962 3076 ct
975 3017 1115 3094 Augustis
1133 3031 1204 3074 esse

198 3095 357 3158 meliorem.
394 3096 522 3176 ideoque
548 3098 597 3160 ibe
619 3118 722 3179 parens
741 3100 883 3162 bominum
905 3090 1081 3177 (leuiumque
1101 3099 1202 3177 optimi

199 3182 290 3260 prius,
306 3179 409 3241 deinde
423 3184 537 3242 maximi
547 3186 660 3244 nomine
676 3183 788 3245 colitur.
804 3182 869 3258 Quo
879 3183 1056 3262 praeclarior
1065 3181 1129 3243 laus
1140 3190 1200 3256 tua,

199 3281 286 3344 quern
299 3278 357 3323 non
370 3266 461 3326 minus
476 3275 587 3327 constat
601 3269 736 3347 optimum
751 3283 913 3346 essequam
928 3269 1086 3328 maximnm.
1108 3263 1245 3327 noce-as

199 3357 283 3408 cutus
305 3366 338 3407 es
352 3366 455 3408 nomen
472 3349 548 3428 quod
563 3351 598 3411 ad
613 3350 696 3411 alium
709 3353 828 3412 transire
840 3369 897 3412 non
911 3351 1022 3430 possit,
1042 3351 1096 3411 nisi
1108 3357 1139 3408 ut
1152 3365 1203 3426 ap·

198 3440 297 3511 pareat
317 3431 346 3490 in
367 3431 443 3492 bono
461 3435 590 3513 principe
605 3434 742 3512 alienum,
766 3437 794 3496 ln
809 3434 883 3496 malo
898 3434 1015 3512 laisum,
1042 3430 1204 3513 quodlicet

198 3531 296 3577 omnes
317 3523 419 3593 postea
440 3525 594 3596 usurpent,
623 3535 738 3598 semper
758 3528 851 3579 tamen
872 3527 1046 3598 agnoscetur
1065 3526 1097 3576 nt
1112 3525 1202 3576 tunm.
