2580 3970
201 251 262 316 278
625 249 658 312 (l.
679 248 773 315 rnsstl

200 403 335 463 absentes
349 404 378 462 in
394 403 516 464 consiliu
533 403 627 464 babet.
651 401 747 463 Tertio
763 403 896 462 consules
909 403 980 464 iecit
991 419 1063 483 qnos
1077 419 1132 463 uos
1144 402 1208 464 ele·

200 487 321 563 geratis,
344 495 374 546 et
387 487 458 548 lecit
474 488 530 546 boc
545 485 642 546 ordine
658 503 714 566 quo
730 485 816 547 electi
832 505 848 547 a
867 487 951 547 vobis
967 494 1053 550 erant.
1082 485 1206 566 Magnus

200 571 298 648 utique
312 569 403 630 bonor
415 580 530 647 vester,
548 573 609 631 sire
624 570 741 630 eosdem
755 571 871 630 maxime
884 569 974 648 diligit
993 587 1065 649 quos
1081 572 1138 631 scit
1153 589 1205 631 vo·

199 654 244 713 bis
265 670 332 714 esse
353 656 530 730 carissimos,
546 654 607 714 sire
622 652 679 712 illis
693 655 832 714 neminem
846 653 988 732 praefert,
1011 656 1137 732 quamvis
1154 653 1205 714 ali-

200 753 285 815 quem
299 738 390 814 magis
401 745 489 797 umet:
515 738 662 815 proposita
674 746 738 797 sunt
752 737 912 797 senioribus
928 739 1070 815 praemia,
1091 740 1228 800 inveni-5

199 821 251 879 bus
267 819 411 898 exempla:
433 819 548 898 adeant,
570 821 752 900 frequentent
765 837 881 880 securas
896 821 1007 881 tandem
1020 838 1054 880 ac
1070 831 1203 898 patentes

199 901 315 963 domos:
341 905 469 981 quisquis
484 904 619 981 probatos
636 905 744 964 senatui
759 905 837 963 uirus
854 904 991 982 suspicit,
1019 903 1065 963 hic
1080 906 1203 965 maxime

198 987 355 1065 principem
367 995 554 1064 promeretur.
575 986 636 1047 Sibi
646 989 721 1048 enim
734 986 906 1047 adcrescere
918 995 997 1064 putat
1008 987 1085 1065 quod
1097 991 1203 1066 cuique

198 1067 371 1146 adstruatur,
387 1069 548 1148 nullamque
561 1072 588 1129 in
602 1088 637 1131 eo
649 1069 768 1148 gloriam
778 1071 858 1149 punit
870 1069 946 1148 quod
957 1073 994 1130 sit
1003 1071 1133 1131 omnibns
1144 1089 1203 1131 ma·

196 1153 257 1230 ior,
272 1153 325 1210 nisi
341 1155 453 1212 maximi
466 1153 571 1214 inerint
586 1154 687 1231 quibus
702 1155 791 1213 maior
805 1162 859 1214 est.
890 1151 1005 1230 Persta,
1026 1151 1152 1232 Caesar,
1175 1157 1241 1217 inlu

197 1236 251 1294 ista
266 1238 374 1295 ratione
390 1238 543 1315 propositi,
559 1236 689 1314 talesque
700 1253 752 1296 nos
770 1235 855 1296 crede
871 1235 961 1314 qualis
977 1237 1049 1297 lama
1061 1239 1202 1317 cuiusque

197 1327 251 1378 est.
266 1317 338 1378 Huic
351 1337 445 1398 aures,
458 1319 524 1379 huic
535 1318 636 1380 oculus
647 1319 774 1380 intende:
785 1337 822 1379 ne
834 1322 998 1397 respexeris
1009 1319 1201 1380 clandestinas

197 1404 417 1464 existimationes
436 1402 579 1482 nullisque
591 1405 681 1481 magis
693 1418 775 1481 qnam
785 1402 962 1462 audientibus
973 1402 1139 1464 insidiantes
1154 1424 1200 1464 su·

196 1501 303 1545 surros.
312 1485 416 1546 blelius
424 1487 553 1547 omnibus
560 1485 768 1566 quamsingulis
776 1485 909 1545 creditur.
920 1485 1031 1564 Singuli
1039 1488 1115 1546 enim
1121 1486 1200 1548 deci·

195 1585 267 1646 pere
276 1577 304 1627 et
313 1568 407 1648 decipi
414 1580 639 1649 possunt:nemo
649 1587 758 1645 omnes,
766 1571 904 1629 neminem
913 1568 1196 1631 omnesleiellerunt.
1209 1581 1238 1633 15

143 1657 185 1720 63
259 1650 402 1712 Revertor
421 1655 475 1713 iam
493 1653 529 1713 ad
546 1653 720 1714 consulatum
739 1662 832 1730 tuum,
858 1653 914 1714 etsi
930 1661 994 1714 sunt
1011 1652 1150 1731 quaedam
1165 1655 1201 1714 ad

197 1733 373 1795 consulatum
390 1735 502 1813 quidem
513 1738 698 1814 pertinentia,
715 1744 779 1795 ante
789 1735 964 1797 consulatum
975 1746 1084 1805 tamem
1099 1738 1129 1797 in
1141 1741 1199 1817 pri·

194 1820 248 1877 mis
270 1817 346 1897 qnod
374 1821 494 1879 comitiis
515 1819 570 1879 tuis
593 1818 744 1879 interfuisti
764 1817 927 1880 candidatus
948 1838 1005 1880 nun
1029 1819 1197 1881 consulatus

193 1911 300 1961 tuntum
314 1901 367 1962 sed
381 1901 582 1963 inmortalitatis
599 1911 628 1961 ct
641 1902 750 1980 gloriae
766 1910 796 1961 et
810 1902 933 1980 exempli
949 1903 1025 1983 quod
1040 1921 1198 1981 sequeren-

194 1994 239 2044 tur
253 1987 399 2065 principes
413 1985 496 2063 buni,
512 1984 577 2046 mali
589 1988 761 2046 mirarentur.
783 1984 860 2045 Vidit
875 1995 904 2046 te
915 1986 1039 2064 populus
1050 1986 1197 2048 Romanus
1206 1998 1237 2050 20

193 2069 222 2127 in
237 2067 285 2127 illa
300 2077 400 2130 vetere
417 2071 568 2148 potestatis
585 2087 654 2130 suae
670 2069 756 2130 sede:
772 2085 930 2148 perpessus
948 2087 980 2129 es
992 2069 1110 2147 longum
1125 2070 1199 2131 illud

195 2169 307 2212 carmen
322 2154 498 2212 comitiorum
511 2172 566 2213 nec
579 2154 633 2212 iam
647 2151 819 2212 inridendum
832 2169 954 2230 moram,
977 2152 1138 2232 consulque
1153 2157 1197 2216 sic

193 2234 284 2294 iactus
299 2253 331 2295 es
346 2245 377 2294 ut
391 2253 464 2296 nnus
479 2254 515 2296 ex
528 2237 630 2313 nobis,
647 2253 719 2315 quos
736 2235 808 2295 iacis
826 2234 970 2296 consules.
993 2234 1105 2308 Quotus
1118 2241 1196 2316 quis·
1281 2253 1282 2271 ¹

194 2335 250 2395 que
264 2320 422 2397 principum
437 2319 663 2379 antecedentium
674 2319 811 2380 bonorem
821 2320 904 2378 istum
918 2328 965 2379 aut
977 2319 1136 2380 consulatui
1148 2322 1196 2382 ba·

191 2401 251 2459 buit
265 2408 313 2460 ant
328 2399 457 2480 populu?
476 2401 546 2462 Num
561 2401 609 2462 alii
619 2402 734 2462 marcidi
745 2419 845 2462 somno
860 2403 1050 2482 bestemaque
1061 2422 1133 2464 cena
1149 2412 1233 2464 reti

193 2480 348 2543 dundantes
364 2485 540 2542 comitiorum
552 2501 668 2545 sucrum
681 2487 794 2546 nuntios
809 2487 1047 2565 opperiebantur,
1062 2485 1109 2548 alii
1124 2506 1194 2548 sane

192 2565 349 2642 pervigiles
365 2576 395 2626 et
414 2569 573 2646 insomnes,
595 2568 646 2627 sed
660 2570 731 2628 intra
748 2568 850 2630 cubilia
866 2587 915 2630 sua
930 2569 985 2630 illis
1002 2572 1074 2648 ipsis
1090 2589 1194 2632 consu·

191 2647 266 2710 libns
278 2668 293 2708 a
306 2650 407 2728 quibus
423 2649 557 2712 consules
570 2652 798 2712 renuntiabantur
809 2651 895 2713 exilia
908 2661 937 2712 et
955 2653 1072 2714 caedem
1086 2655 1193 2716 machi·

191 2733 335 2794 nubantur.
359 2733 480 2812 Oprava
495 2744 527 2795 et
538 2736 626 2796 inscia
639 2754 725 2796 verae
739 2738 892 2797 maiestatis
906 2737 1039 2815 ambitIo,
1055 2741 1194 2818 concupi·

191 2834 275 2877 scere
290 2817 427 2878 honorem
442 2837 527 2898 quem
542 2818 721 2896 dedigneris,
737 2819 883 2896 dedignari
898 2837 981 2899 quem
997 2823 1191 2900 concupieris,
1201 2831 1234 2883 30

191 2916 312 2977 cumque
328 2919 365 2960 ex
377 2904 511 2979 proximis
523 2902 611 2962 bortis
627 2919 755 2981 campum
772 2911 800 2962 et
816 2904 928 2964 comitia
942 2913 1132 2982 prospectes,
1149 2908 1194 2965 sic

190 2982 224 3044 ab
240 2982 297 3043 illis
311 2984 432 3061 abesse,
455 2993 593 3065 tamquam
605 2984 736 3046 Danubio
751 2984 910 3064 Rhenoque
928 2986 1071 3048 dirimere!
1099 2986 1193 3050 Aren·
1279 2989 1280 2994 ’

190 3068 263 3127 seris
279 3075 309 3126 tu
322 3065 423 3127 bonuri
439 3077 489 3128 tuo
504 3079 618 3148 sperata
633 3069 782 3147 suffragia,
803 3071 1013 3148 renuntiarique
1035 3080 1064 3132 te
1087 3088 1192 3134 consu·

189 3149 247 3210 lem
261 3151 380 3211 iussisse
399 3161 564 3229 contentus,
589 3152 696 3213 liberae
712 3155 832 3214 civitatis
852 3171 888 3214 ne
909 3155 1114 3216 simulationem
1130 3156 1192 3235 qui·

190 3232 254 3292 dem
268 3231 391 3295 serves?
418 3235 561 3296 abstineas
576 3235 698 3315 denique
716 3237 855 3315 comitiis,
876 3236 1024 3300 absumus
1038 3248 1125 3318 atque
1140 3239 1233 3304 abet

189 3316 280 3392 ditus,
297 3319 377 3396 quasi
391 3318 450 3378 illic
463 3319 514 3379 tibi
529 3337 586 3380 non
603 3319 765 3381 consulatus
780 3319 878 3399 detur,
902 3322 954 3382 sed
970 3323 1126 3402 abrogetur
1140 3323 1192 3382 im·

190 3396 320 3477 perium?
347 3399 426 3462 llaec
439 3404 588 3481 persuasio
603 3403 814 3482 superbissimis
829 3404 947 3466 dominis
963 3415 1022 3466 erut
1033 3416 1064 3466 ut
1077 3406 1133 3465 sibi
1148 3409 1192 3465 ui·

190 3483 325 3544 derentur
343 3486 487 3565 principes
510 3505 576 3548 esse
597 3486 745 3565 desinere,
771 3488 795 3549 si
817 3487 885 3568 quid
903 3488 1032 3551 lacerent
1049 3498 1191 3569 tamquam
