2584 3972
610 240 642 302 C.
664 239 761 302 PLINI

396 511 424 566 G.
443 510 569 564 ebibitis
587 509 704 570 MESSIO
723 509 855 564 MAXIMO
875 508 936 562 SUO
955 509 983 564 S.

163 668 179 720 1
248 647 436 712 Meministine
455 659 486 710 te
506 667 596 729 saepe
616 650 726 728 legisse
742 658 859 727 quantas
875 649 1071 716 contentiones
1086 648 1196 710 excite·

187 735 223 794 rit
238 732 287 794 lex
302 733 449 798 tabellaria
464 742 653 813 quantumque
671 735 729 814 ipsi
750 732 832 794 latori
846 732 894 794 uel
908 731 1017 810 gloriae
1030 729 1079 790 vel
1094 741 1224 812 repres

162 819 333 885 ahensioois
353 815 498 881 attulerit?
518 818 564 881 Ad
583 836 658 881 nuno
677 820 706 892 ip
730 825 831 880 senatu
850 819 912 880 aine
934 815 993 878 ulla
1012 815 1196 898 dissensiqne

187 903 247 962 boo
259 902 335 963 idem
354 911 385 964 ut
399 904 535 980 optimum
555 901 676 982 placuit:
702 919 801 964 omues
818 901 995 966 conitiorum
1009 901 1055 962 die
1069 899 1194 963 tabellas

160 986 411 1066 apostulaverunt.
444 985 669 1056 Excesseramus
688 1004 759 1049 ,sane
778 983 934 1048 manifestis
954 983 1011 1048 illie
1026 987 1195 1066 apertisque

187 1071 328 1149 suffragiis
343 1070 486 1132 licentiam
508 1071 679 1133 contionum.
702 1068 767 1133 Nou
782 1079 894 1146 tempus
909 1067 1062 1150 loquendi,
1078 1086 1135 1130 non
1150 1080 1194 1131 ta-

188 1154 271 1215 cendi
290 1153 447 1231 modestia,
468 1171 525 1216 non
540 1153 663 1234 denique
683 1153 802 1223 sedandi
823 1153 944 1232 dignitas
967 1151 1190 1216 custodiebatur.
1203 1162 1238 1215 10

160 1238 280 1318 abiegni
296 1238 419 1318 undique
438 1239 604 1318 dissonique
620 1239 775 1316 clamores,
792 1237 998 1318 procurrebant
1012 1255 1110 1304 omnes
1127 1257 1193 1299 cunr

186 1325 246 1386 suis
264 1323 436 1401 candidatis,
457 1323 544 1389 multa
558 1325 669 1401 agmina
682 1326 711 1385 in
726 1322 820 1395 medio
835 1321 973 1401 multique
989 1320 1089 1383 circuli
1105 1331 1135 1382 et
1149 1325 1192 1382 in·

186 1408 292 1468 decora
305 1407 451 1468 conlusio:
466 1408 538 1472 adeo
554 1406 765 1478 desciveramus
780 1425 796 1470 a
810 1406 1015 1471 consuetudine
1031 1416 1190 1487 parentum,

185 1490 260 1570 apud
281 1507 353 1569 quos
375 1493 468 1556 omnia
487 1490 625 1569 disposita
650 1491 795 1553 moderata
820 1489 986 1570 tranquilla,
1014 1491 1192 1572 maiestatem

160 1574 243 1638 sloci
257 1573 453 1654 pudoremque
467 1574 635 1636 retinebant.
668 1575 825 1654 Supersunt
841 1593 945 1653 senes,
966 1593 1004 1642 aa
1023 1574 1233 1654 quonam-15

185 1658 246 1720 dire
262 1657 346 1720 soleo
361 1658 436 1720 bunc
452 1658 580 1721 ordinem
601 1661 790 1722 comitiorum:
814 1660 899 1720 citato
919 1661 1031 1721 nomine
1050 1658 1190 1732 candidati

185 1742 327 1805 silentium
341 1760 491 1812 summum
507 1741 620 1822 dicebat
626 1746 694 1822 ¹ipse
705 1759 757 1822 pro
769 1762 814 1822 se,
831 1742 991 1824 explicabat
1001 1744 1087 1819 uitam
1097 1761 1188 1821 suam,

185 1835 276 1888 testes
295 1837 325 1888 et
344 1826 507 1892 laudatores
528 1827 626 1903 dabat,
648 1826 697 1887 rel
719 1845 783 1888 cnm
805 1827 857 1891 sub
879 1844 936 1906 quo
956 1826 1124 1890 militauerat
1140 1827 1188 1888 vel

185 1929 250 1970 eum
272 1912 317 1972 cui
336 1919 473 1989 quaestor
488 1910 585 1976 ,iuerat
605 1912 653 1974 uel
673 1919 838 1990 utrumque,
866 1912 890 1972 si
912 1920 1042 1989 poterat,
1064 1911 1188 1974 addebat
1282 1949 1283 1975 r

185 1994 322 2074 quosdam
341 2013 379 2056 ex
398 1995 648 2074 suffragatoribus:
670 1994 711 2056 illi
732 1997 856 2072 grauiter
870 2004 899 2056 et
914 1997 1013 2074 paucis
1028 1995 1231 2076 loquebar-20

158 2088 236 2144 atur.
266 2079 332 2144 Plus
347 2079 404 2140 boc
420 2098 503 2159 quarn
517 2098 621 2159 praeca
637 2080 779 2159 proderat.
811 2077 1040 2158 Nonnumquam
1056 2079 1187 2143 candida·
1280 2129 1281 2151 ,

183 2171 291 2224 tusaut
310 2163 419 2226 natales
440 2166 636 2244 competitoris
651 2175 698 2226 aut
713 2180 801 2226 annos
816 2165 962 2224 autetiam
975 2180 1069 2236 mores
1084 2183 1116 2224 ar
1157 2184 1187 2226 e·
1279 2215 1280 2237 ,

184 2247 239 2307 bat.
271 2245 412 2310 Audiebat
438 2258 553 2309 senatus
574 2251 711 2325 gravitate
736 2249 875 2310 censoria.
908 2246 951 2308 lta
973 2249 1087 2327 saepius
1109 2183 1186 2327 fiagri
1278 2293 1279 2325 ,

158 2339 266 2408 'iquam
282 2332 401 2408 gratiosi
416 2330 627 2408 praevalebant.
661 2331 742 2406 Quae
757 2349 832 2394 nunc
846 2331 991 2392 inmodico
1005 2330 1105 2395 iavore
1123 2347 1185 2394 cor·
1277 2379 1278 2413 ,

182 2422 283 2492 rupta,
304 2412 339 2474 ad
360 2415 444 2477 tacita
466 2414 598 2492 suiiragia
618 2417 697 2493 quasi
716 2414 752 2476 ad
774 2415 929 2486 remedium
944 2415 1226 2486 decucurrerunmat
1276 2455 1277 2499 ,

184 2496 261 2575 quod
281 2498 392 2560 interim
411 2496 496 2577 plane
517 2498 671 2568 remedium
692 2500 759 2560 fuit:
781 2508 841 2560 erat
857 2501 932 2561 enim
945 2516 1049 2560 norum
1064 2509 1093 2560 et
1107 2501 1184 2562 subi·
1275 2533 1276 2588 p

155 2589 247 2646 stum.
268 2581 326 2642 Sed
339 2597 446 2642 uereor
459 2600 495 2645 ne
511 2583 687 2663 procedente
702 2594 832 2664 tempore
847 2602 883 2644 ex
897 2586 962 2662 ipso
976 2583 1103 2651 remedio
1118 2585 1185 2644 uitia

181 2675 340 2726 nascantur.
372 2665 425 2730 Est
444 2668 519 2728 eninr
532 2667 691 2747 periculum
705 2687 742 2729 ne
757 2669 850 2730 tacitis
865 2668 1006 2748 suffragiis
1021 2667 1184 2748 inpudentia

182 2751 301 2829 inrepat.
319 2749 390 2814 Nam
405 2760 492 2829 quoto
508 2754 611 2832 cuique
626 2752 725 2812 eadem
737 2753 894 2814 honestatis
906 2769 974 2813 cura
983 2762 1099 2814 secreto
1112 2769 1184 2832 quae

155 2831 295 2911 apalami
315 2833 396 2894 biulti
412 2834 528 2913 famam,
546 2837 748 2897 conscientiam
762 2838 846 2916 pauci
861 2847 1004 2898 verentur.
1028 2835 1087 2896 Sed
1102 2837 1227 2904 dimisso

183 2919 240 2977 cito
261 2916 298 2976 de
313 2919 428 2980 futuris:
454 2921 564 2982 interim
580 2919 720 2980 beuedcio
735 2920 902 2982 tabellarum
915 2920 1081 2995 babebimus
1095 2922 1182 2998 magi-

179 3010 283 3062 stratus
296 3003 343 3080 qui
354 3003 472 3068 maxime
483 3003 545 3064 lieri
557 3003 722 3074 debuerunt.
745 3003 816 3065 Nam
830 3014 861 3066 ut
875 3006 903 3064 in
917 3005 1130 3086 reciperatoriis
1142 3005 1182 3062 iu·

181 3083 262 3146 diciis
276 3087 320 3146 sic
334 3102 387 3148 uos
401 3087 430 3148 in
449 3086 493 3148 bis
516 3090 635 3162 omoitiie
656 3090 737 3168 quasi
756 3099 877 3170 repente
891 3088 1063 3168 adprehensi
1078 3088 1182 3148 sinceri

139 3179 173 3232 10
180 3168 290 3231 iudice
300 3169 412 3234 luimus.
435 3167 514 3238 Haec
527 3173 579 3234 tibi
593 3173 706 3252 scripsi,
723 3175 853 3252 primum,
866 3182 897 3232 ut
912 3171 1017 3253 aliquid
1031 3173 1100 3232 novi
1112 3172 1181 3232 scri·

179 3253 290 3331 berem,
306 3253 419 3332 deinde,
434 3265 465 3316 ut
479 3272 695 3336 nonnumquam
710 3257 746 3317 de
761 3275 794 3316 re
809 3256 923 3337 publica
936 3256 1082 3336 loquerer,
1100 3257 1223 3318 cuiusbt

180 3339 313 3398 materiae
333 3340 416 3400 nobis
431 3349 535 3419 quanto
548 3343 638 3402 rarior
652 3359 735 3419 quam
748 3342 895 3403 ueteribus
910 3342 1025 3402 occasio
1039 3348 1117 3402 tanto
1131 3341 1179 3400 mi·

139 3429 232 3482 llnus
253 3422 406 3483 omittenda
427 3434 481 3485 est.
513 3423 551 3486 Et
571 3424 696 3486 Hercule
718 3443 866 3505 quousque
887 3423 936 3485 illa
956 3424 1082 3503 vulgaria
1104 3422 1181 3502 ‘quid

180 3501 262 3582 ogisi
274 3506 378 3585 ecquid
388 3508 536 3570 commode
547 3506 665 3569 valesi'
678 3507 806 3570 Habeant
817 3519 931 3570 nostrae
943 3526 1058 3588 quoque
1069 3505 1180 3567 litterae
