2584 3972
136 305 138 318 .
174 247 237 315 144
593 244 626 306 c·
650 245 751 306 ΡΙΔΙΝΙ*
1283 319 1284 348 1

174 400 343 461 mandantur.
368 398 433 472 Quo
449 415 565 458 munere
581 397 684 458 Fannia
700 399 764 458 dum
778 399 885 460 sedulo
895 399 1031 476 iungitur,
1047 398 1105 459 hoc
1121 397 1180 460 dis·

151 485 292 563 eorimine
309 482 436 559 inqlioitn
450 491 504 542 est.
540 481 668 542 Insident
681 482 789 559 febres,
804 484 893 544 tussis
905 484 1053 559 increscit,
1070 498 1180 545 summa
1283 509 1284 546 u

176 569 293 643 macies,
310 583 416 627 summa
433 565 576 626 deiectio:
592 569 699 626 uninnrs
716 574 821 626 tantum
837 574 869 626 et
881 567 998 644 spiritns
1013 567 1095 644 viget
1109 563 1179 624 llel-
1283 579 1284 602 ³

175 651 253 713 vidio
267 653 377 727 marito,
393 649 518 708 'llhrasea
531 659 612 727 patre
627 649 824 728 dignissimum
844 648 956 728 reliqna
972 647 1102 708 labuntur
1118 667 1179 708 me-

151 746 232 814 4que
252 751 309 794 non
327 743 404 793 metu
422 741 530 792 tantum
546 749 644 792 verum
665 735 752 794 etiam
769 731 872 794 dolone
889 733 1048 792 conficiunt.
1081 731 1207 794 Doleot

177 820 252 879 enim
266 817 398 878 luminam
413 818 560 875 maximam
574 819 646 895 eripi
662 817 754 878 oculis
766 817 1013 893 ciuitatis‚.nescio
1027 834 1061 876 an
1071 815 1180 894 aliquid

178 901 271 964 simila
283 903 396 961 visuris.
429 898 510 972 Quae
525 902 639 961 castitas
654 901 709 960 illi!
733 917 805 978 quae
827 901 973 960 sanctitas!
996 907 1101 978 quante
1114 915 1180 977 gra·

177 985 262 1046 vitas!
287 995 389 1063 quauta
411 983 586 1044 constantiul
605 983 653 1045 uis
672 985 798 1043 maritum
819 992 920 1044 secuta
933 985 961 1042 in
985 983 1101 1044 exilium
1121 993 1178 1060 est,

152 1071 260 1132 stertio
278 1072 344 1147 ipsa
355 1077 475 1148 propter
490 1069 618 1127 mantum
638 1067 775 1146 relegata.
801 1065 873 1127 Nem
891 1083 960 1128 cuum
972 1067 1097 1128 Senecio
1110 1083 1180 1128 reus

178 1163 274 1229 esset,
290 1152 369 1232 quod.
382 1153 417 1212 de
434 1154 493 1212 vita
508 1150 621 1211 llelnidi
635 1151 723 1212 libros
740 1153 966 1230 composuisset,
990 1160 1178 1230 regulumque
1190 1166 1222 1216 tt

178 1256 211 1298 se
227 1236 362 1297 allannia
375 1237 403 1296 iu
418 1235 584 1297 defensione
599 1235 733 1313 dixisset,
756 1244 911 1312 quaerente
927 1237 1073 1296 minaciter
1089 1233 1179 1296 llletic

180 1319 252 1381 Caro
276 1340 310 1381 an
326 1330 462 1398 rogasset
478 1319 627 1399 respondit
647 1321 786 1397 ‘rogaui'·,
809 1337 844 1379 arr
869 1321 1087 1380 commentarios
1108 1322 1180 1380 scri·

179 1413 262 1482 pturo
275 1404 413 1482 dedisset,
428 1404 531 1481 ‘dedi’‚
544 1423 580 1464 an
591 1406 701 1465 sciente
713 1414 811 1480 matre,
828 1405 1015 1472 ‘nesciente’;
1030 1412 1180 1481 postremo

153 1486 283 1551 6nullam
297 1504 399 1546 vocem
412 1487 560 1548 cedentem
574 1487 703 1564 periculo
716 1489 817 1548 emisit.
838 1485 912 1559 Quin
924 1489 1007 1546 etiam
1017 1485 1084 1547 illos
1098 1488 1180 1563 ipsos
1283 1525 1284 1532 κ

180 1570 284 1646 libros,
307 1588 472 1649 quamquam
494 1590 531 1630 ex
551 1573 723 1632 necessitate
744 1579 865 1630 etmetu
880 1579 1038 1649 temporum
1055 1569 1179 1630 abolitos
1190 1589 1221 1638 15
1283 1625 1284 1650 q

180 1653 454 1733 senatusconsulto,
472 1653 621 1732 publicatis
636 1655 723 1716 bonis
738 1655 865 1714 seruauit:
880 1653 993 1733 lubuit,
1014 1653 1136 1732 tulitque
1151 1656 1181 1713 in
1283 1691 1284 1698 κ

156 1737 296 1802 texilinm
317 1737 395 1797 enilii
418 1753 539 1802 causam.
578 1737 686 1798 Eadem
708 1755 789 1817 qnam
810 1738 946 1815 incunda,
973 1753 1056 1816 quam
1077 1740 1178 1816 comis,

181 1837 266 1898 quam
286 1820 423 1899 denique,
446 1821 523 1902 quod
545 1824 647 1899 paucis
667 1820 760 1882 datum
781 1830 840 1899 est,
863 1839 920 1881 non
942 1823 1034 1882 minus
1052 1821 1180 1882 amabilis
1283 1891 1284 1906 χ

181 1921 263 1982 quam
283 1905 456 1964 veneranda!
475 1905 574 1966 Eritne
596 1923 678 1984 quam
691 1913 796 1985 postea·
812 1905 1068 1965 uxoribus-nestris
1083 1915 1180 1964 osten·
1283 1911 1284 1984 l

180 1997 239 2048 tare
255 1985 419 2067 possimus?
436 1991 489 2050 erit
508 2009 524 2051 a
539 2007 593 2068 qna
607 1991 659 2049 riri
674 2005 788 2068 quoqne
802 1988 974 2048 fortitudinis
989 1988 1119 2067 exempla
1134 1997 1222 2050 suto
1283 1985 1284 2014 ¹

180 2069 308 2134 mantus?
335 2091 417 2152 quam
439 2074 481 2134 sic
506 2083 656 2134 nannenten
677 2073 881 2150 audientesque
907 2074 1040 2130 miremur
1060 2081 1090 2132 ut
1116 2071 1180 2132 illas

155 2165 254 2234 Squac
269 2154 423 2234 leguntur?
454 2157 499 2216 Ac
516 2157 582 2216 milri
598 2157 697 2218 domus
711 2159 773 2235 ipsa
786 2165 884 2216 nutare
897 2155 1094 2234 convulsaque
1105 2156 1181 2216 sedi·

181 2240 234 2300 bus
256 2241 314 2301 suis
334 2243 439 2301 ruitura
459 2259 545 2318 surpra
565 2241 692 2317 videtur,
714 2241 782 2302 licet
802 2240 893 2300 adhuc
915 2249 1054 2318 posteros·
1068 2239 1179 2300 lrabeat.

183 2323 300 2394 Quantis
317 2327 391 2384 enirn
406 2325 553 2385 virtutibus
568 2327 736 2402 quantisque
757 2323 1047 2402 lactisadsequentur
1063 2332 1093 2383 nt
1107 2322 1181 2384 haec

156 2415 237 2468 9non
256 2407 410 2468 novissima
426 2404 585 2468 occiderit?
617 2405 664 2466 lle
685 2407 802 2484 quidem
817 2407 886 2466 illud
908 2410 992 2468 etiam
1017 2407 1124 2484 adlligit
1150 2415 1222 2472 etto

181 2499 298 2568 torquet
319 2492 394 2570 quod
420 2500 537 2551 matrem
557 2492 635 2568 eius,
658 2490 734 2552 illam
751 2488 834 2570 (nihil
849 2483 966 2572 pessum
979 2491 1123 2552 inlustrius
1140 2490 1181 2550 di·

106 2639 107 2643 ,
182 2573 264 2653 cere)
282 2583 375 2634 tantae
398 2575 518 2635 feminae
537 2569 671 2651 matrem,
694 2593 792 2636 rursus
814 2575 919 2636 videor
936 2577 1081 2652 amittere,
1098 2591 1181 2652 mam

181 2657 270 2738 huuc,
294 2669 323 2719 ut
343 2658 435 2719 reddit
456 2677 490 2719 ac
509 2660 598 2720 refert
618 2659 716 2735 nobis,
739 2661 782 2720 sic
796 2660 1020 2720 auleret'secum
1034 2675 1137 2736 meque
1152 2666 1182 2716 et

141 2753 258 2805 renovo
278 2741 384 2822 puriter
408 2754 438 2804 et
462 2746 588 2806 rescisso
611 2743 728 2804 vulnere
753 2743 875 2803 adiiciet.
914 2743 1066 2820 Utramque
1093 2740 1179 2816 colui,

181 2835 331 2904 utrunque
347 2826 449 2896 dilexi;
474 2836 562 2888 utram
578 2829 671 2905 magis
688 2827 804 2903 nescio,
825 2845 880 2887 neo
898 2825 1022 2887 discerni
1036 2824 1223 2886 volebanteu

181 2907 346 2968 Habuerunt
360 2911 453 2972 oifloiu
468 2929 531 2972 mer
544 2913 577 2970 in·
587 2909 731 2986 secundis,
747 2909 902 2972 hahuerunt
912 2913 941 2970 in
955 2910 1093 2970 aduersis.
1115 2907 1181 2985 Ego
1283 2907 1284 2998 l

182 2991 319 3052 solacium
339 2993 543 3073 relegatarum,
567 3012 622 3072 ego
637 2993 713 3054 ultor
726 3013 918 3064 reversurum
942 3010 998 3053 non
1014 2993 1072 3053 ieci
1089 3001 1182 3052 tamen

183 3075 275 3154 paria,
303 3086 388 3156 atque
409 3095 445 3138 eo
467 3082 556 3156 magis
578 3079 649 3138 hanc
667 3079 751 3157 cupio
772 3081 894 3156 servari,
921 3087 950 3137 ut
965 3077 1033 3137 milri
1051 3073 1182 3138 solvendi

142 3168 313 3239 lltempcra
327 3164 479 3240 supersint.
511 3163 544 3222 ln
560 3164 603 3223 his
624 3179 699 3222 eram
717 3163 809 3240 curis,
840 3180 903 3225 cum
917 3162 1073 3224 scriberem
1087 3160 1122 3220 ad
1136 3169 1181 3228 te;
1283 3203 1284 3228 i

182 3261 253 3388 dua?
268 3247 292 3306 si
306 3247 376 3308 deus
392 3247 492 3328 aliquis
507 3250 534 3308 in
550 3247 680 3326 madium
693 3249 827 3324 verterit,
850 3246 885 3307 ds
900 3254 977 3307 metu
995 3262 1052 3305 non
1068 3253 1225 3324 queror-et

237 3347 263 3390 e.
938 3361 944 3375 .
