2580 3970
412 240 679 303 PANEGYRIGUS
698 251 743 306 61.
755 252 798 306 62.
1040 240 1102 307 277

100 402 227 454 cteretnr
242 392 441 472 collegamque
457 403 485 455 te
498 412 554 456 non
568 395 615 453 uni
627 394 714 455 daret.
729 394 857 473 Uterque
870 413 962 474 nuper
974 393 1103 455 consula·

98 487 158 538 tum
172 475 290 538 alterum
304 485 450 554 gesserat,
467 497 483 538 a
497 488 578 558 patre
593 486 654 555 tuo,
669 478 754 538 idest
768 488 871 556 quanto
885 479 976 540 minus
991 496 1073 557 mam
1088 497 1105 538 a

97 571 128 622 te
144 559 250 620 datum!
266 563 413 639 utriusque
427 560 518 622 adbuc
534 561 626 622 oculis
642 561 728 640 paulo
743 571 807 622 ante
823 560 929 622 dimissi
941 562 1037 622 fasces
1053 561 1103 622 ob·

98 645 246 721 errabant,
265 646 413 723 utriusque
428 642 575 706 sollemnis
590 643 640 706 ille
653 643 787 706 lictomm
805 655 834 704 et
848 647 1032 724 praenuntius
1048 645 1104 704 cla·

69 739 160 791 5mor
173 729 289 788 amibus
302 728 464 805 insederat,
482 746 545 788 curn
559 745 656 788 rursus
672 727 777 790 curulis
791 747 947 806 rursusque
961 746 1103 808 purpura;

98 820 129 870 ut
145 809 227 890 olim,
250 829 313 870 cum
333 812 423 872 hostis
444 813 472 872 in
493 814 622 890 proximo
643 813 714 874 etin
735 830 873 873 summum
890 813 1041 873 discrimen
1056 811 1104 871 ad-

99 896 182 955 ducta
202 913 251 956 res
271 895 387 974 publica
408 906 556 973 expertum
574 895 730 956 bonoribus
754 897 844 956 virum
864 903 1019 975 posceret,
1048 914 1105 956 non

99 977 261 1040 consulatus
287 977 445 1039 bominibus
472 979 579 1057 isdem,
608 979 660 1040 sed
692 979 767 1040 idem
792 980 920 1042 homines
953 979 1104 1040 consulati·

97 1063 152 1123 bus
174 1060 371 1123 reddebantur.
401 1060 489 1124 Tanta
507 1064 557 1124 tibi
578 1063 653 1124 bene
674 1062 796 1124 iaciendi
816 1065 860 1123 vis
883 1071 913 1123 ut
933 1062 1104 1140 indulgentia

54 1159 90 1211 ιο
101 1157 148 1206 tua
172 1148 361 1207 necessitates
382 1146 546 1207 aemuletur.
588 1145 674 1207 blodo
701 1154 864 1226 praetextas
888 1156 1038 1217 exuerant;
1059 1166 1103 1206 re·

98 1238 222 1290 sumant:
244 1229 328 1290 modo
350 1228 468 1289 lictores
489 1231 569 1290 abire
588 1230 744 1299 iusserant;
765 1239 916 1291 revocent:
939 1230 1024 1291 modo
1040 1248 1103 1308 gra·

97 1312 220 1374 tulantes
238 1315 319 1374 amici
339 1322 535 1382 recesserant;
561 1323 746 1374 revertantur.
782 1311 946 1373 Hominisne
967 1313 1042 1374 istud
1063 1316 1104 1374 in·

97 1399 211 1474 genium
226 1406 287 1474 est,
308 1396 429 1457 bominis
450 1405 596 1476 potestas,
618 1413 757 1458 renovare
770 1396 888 1474 gaudia,
911 1396 1104 1474 redintegrare

96 1480 250 1558 laetitiam,
271 1478 375 1540 nnllam
389 1481 517 1560 requiem
531 1478 764 1558 gratulationibus
779 1481 863 1557 darc,
884 1497 977 1558 neque
994 1480 1047 1540 alia
1059 1499 1105 1541 re·

55 1577 90 1628 15
100 1563 231 1643 petendis
257 1563 450 1624 consulatibus
478 1562 625 1624 intervalla
651 1567 815 1643 permittere
839 1565 893 1625 nisi
919 1565 983 1624 dum
1007 1564 1105 1625 liniun-

96 1644 165 1708 tur?
189 1647 289 1709 Facias
309 1649 363 1708 ista
384 1665 514 1727 semper,
537 1665 741 1727 necunquam
761 1649 788 1708 in
808 1649 864 1708 boc
879 1665 969 1726 opere
985 1657 1032 1708 aut
1047 1649 1105 1709 ani·

98 1749 161 1792 mus
177 1740 242 1792 tuus
257 1741 305 1792 aut
319 1731 432 1791 iortnna
447 1731 580 1794 lassetur.
602 1731 663 1794 Des
679 1731 903 1812 quamplurimis
919 1733 1021 1794 tertios
1037 1750 1105 1793 con·

99 1814 223 1891 sulatus,
252 1825 281 1875 et
303 1835 366 1876 cum
386 1814 514 1894 plurimis
528 1817 629 1877 tertios
651 1815 815 1878 consulatus
831 1815 963 1893 dederis,
988 1833 1105 1895 semper

98 1907 197 1959 temen
211 1896 309 1976 plures
330 1898 432 1979 quibus
450 1898 557 1960 debeas
580 1900 646 1960 dare
661 1901 814 1978 supersint.
847 1899 975 1960 Omnium
990 1891 1156 1978 quidemdid

52 1993 90 2044 20
99 1982 304 2044 beneficiorum
319 2000 392 2062 quae
406 1983 579 2044 merentibus
594 1983 751 2043 tribuuntur
765 1999 822 2043 non
836 1983 871 2042 ad
882 1985 963 2061 ipsos
974 1982 1105 2059 gaudium

98 2068 188 2128 maius
203 2083 286 2144 quam
301 2065 336 2126 ad
356 2064 463 2128 similes
484 2066 637 2127 redundat:
662 2067 816 2146 praecipue
834 2075 927 2126 tamen
949 2085 986 2126 ex
1005 2066 1105 2126 borum

99 2148 248 2210 consulatu
262 2167 319 2210 non
334 2150 369 2210 ad
381 2160 491 2230 partem
506 2150 626 2230 aliquam
643 2158 776 2226 senatus,
798 2150 851 2210 sed
868 2149 903 2210 ad
918 2158 1007 2210 totum
1022 2168 1104 2210 sena-

97 2243 156 2294 tmn
175 2243 250 2294 tanta
270 2233 376 2295 laetitia
396 2237 527 2313 pervenit
548 2243 578 2294 ut
599 2233 721 2295 eundem
741 2233 878 2294 honorem
892 2250 990 2295 omnes
1005 2235 1059 2294 sibi
1075 2243 1105 2294 et

100 2316 216 2380 dedisse
231 2326 261 2378 et
274 2319 427 2398 accepisse
441 2318 597 2378 videantur.
626 2316 739 2396 Nempe
755 2319 830 2377 eninr
845 2318 873 2377 hi
890 2326 955 2378 sunt
969 2335 1041 2395 quos
1058 2336 1104 2378 se·

54 2411 197 2480 25natus,
220 2419 285 2461 curn
303 2399 426 2479 publicis
449 2399 606 2480 sumptibus
627 2401 784 2462 minuendis
806 2401 941 2481 optimum
962 2419 1104 2480 quemque

98 2487 285 2564 praeficeret,
302 2483 408 2562 elegit,
426 2495 455 2546 et
471 2485 585 2565 quidem
598 2488 714 2565 primos.
737 2483 800 2546 Hoc
816 2493 861 2549 est
875 2487 976 2564 igitur,
991 2485 1047 2546 boc
1059 2493 1105 2546 est

97 2569 176 2647 qnod
191 2569 303 2646 penitus
318 2568 384 2630 illos
400 2571 491 2630 animo
507 2567 638 2631 Caesaris
655 2569 814 2630 insinuarit.
841 2569 887 2630 An
901 2587 999 2648 parum
1013 2586 1104 2647 saepe

98 2654 211 2730 experti
233 2669 328 2713 snmus
350 2654 422 2713 banc
444 2671 512 2714 esse
533 2669 627 2712 rernm
642 2652 835 2714 conditionem
848 2663 878 2712 ut
892 2661 1008 2712 senatus
1023 2652 1105 2712 lavor

97 2735 172 2815 apud
187 2737 348 2815 principem
362 2745 409 2796 aut
423 2737 515 2816 prosit
530 2745 576 2796 aut
592 2733 719 2797 noceat?
751 2734 852 2795 Nonne
875 2735 960 2812 paulo
984 2743 1049 2795 ante
1064 2736 1105 2794 ni·

53 2818 138 2882 solil
156 2821 245 2897 magis
266 2819 381 2880 exitiale
401 2830 460 2880 erat
481 2838 564 2899 quam
585 2819 633 2880 illa
647 2821 785 2900 principis
802 2820 938 2896 cogitatio
954 2818 1041 2878 ‘bunc
1059 2835 1104 2878 se·

97 2913 179 2963 natus
195 2902 315 2981 probat,
337 2904 384 2963 bic
399 2906 509 2964 senatui
525 2921 607 2964 carus
622 2901 700 2964 est’?
722 2903 828 2964 Oderat
843 2920 915 2980 qnos
930 2920 983 2964 nos
998 2920 1105 2963 amare·

97 3005 178 3064 mus,
205 2987 258 3046 sed
274 2995 304 3046 et
316 3004 369 3048 nos
386 3005 459 3066 quos
473 2987 533 3047 ille.
562 2986 644 3046 Nunc
658 2989 732 3049 inter
746 2987 906 3065 principem
921 2995 1106 3064 senatumque

99 3071 257 3148 dignissimi
275 3072 416 3150 cuiusque
432 3073 549 3132 caritate
565 3078 700 3131 certatur.
719 3070 953 3132 Demonstramn's
970 3068 1104 3144 invicem‘,

99 3153 241 3214 credimus
263 3155 401 3232 invicem,
435 3154 568 3234 quodque
589 3157 737 3214 maximum
762 3157 865 3214 amoris
885 3153 975 3212 mutui
995 3154 1106 3228 signum

54 3244 89 3298 35
99 3247 156 3316 est,
169 3236 288 3297 eosdem
298 3254 430 3297 mamus.
452 3236 584 3314 Ptoinde,
597 3247 693 3316 patres
706 3237 873 3315 conscripti,
886 3236 981 3296 favete
994 3245 1105 3315 operte,

100 3319 211 3397 diligite
233 3330 404 3382 constanter.
436 3319 500 3382 Non
520 3323 574 3383 iam
593 3319 809 3382 dissimulandas
827 3327 871 3379 est
885 3337 978 3394 emor,
1005 3337 1042 3379 ne
1055 3335 1106 3378 no·

100 3412 181 3473 ceet;
196 3420 253 3463 non
267 3404 452 3483 premendum
469 3405 580 3482 odium,
596 3423 633 3466 ne
648 3407 749 3484 prosit.
782 3401 891 3464 Eadem
905 3400 1012 3463 Caesar
1032 3420 1106 3481 quae

99 3496 215 3548 senatus
237 3486 338 3568 probat
358 3487 555 3568 inprobatque.
587 3488 647 3550 Vos
668 3487 717 3550 ille
736 3494 922 3567 praesentes,
948 3504 1001 3546 vos
1023 3487 1106 3545 etiam
