2604 3972
199 263 260 327 170
623 260 655 323 G.
678 260 776 322 PblNl

198 418 313 478 daturus
328 418 358 479 in
371 435 467 478 manus
484 416 628 477 hominum
648 423 713 476 ante
733 416 888 476 amicornm
908 414 1013 476 iudicio
1032 413 1205 492 examinare,

197 503 225 563 in
241 502 338 582 primis
354 510 413 562 tuo.
446 499 586 578 Proinde,
608 501 632 559 si
650 500 779 579 quando,
802 519 878 561 nunc
892 497 1008 562 intende
1022 497 1097 558 libro
1121 517 1207 578 quem

198 604 263 649 enm
275 586 329 647 hac
345 584 468 665 epistula
484 585 622 662 accipies,
635 586 700 662 qnia
713 602 820 645 vereor
833 603 869 646 ne
881 585 945 664 ipse
960 593 990 644 ut
1000 584 1090 644 tristis
1106 601 1206 662 parum
1281 607 1282 624 ι

195 670 374 732 intenderim.
396 668 541 748 Imperare
558 668 633 728 enim
647 666 739 729 dolori
750 677 781 728 ut
794 669 951 731 scriberem
964 667 1057 747 potui,
1070 676 1102 727 ut
1113 685 1206 728 saeuo

196 758 287 817 animo
303 755 439 832 laetoque
453 770 511 813 non
524 753 614 832 potui.
649 751 738 814 Porro
759 762 789 813 ut
812 772 849 814 ex
868 751 969 814 studiis
991 751 1141 830 gaudium,
1163 751 1229 816 sict
1281 803 1282 810 ,

196 839 287 901 studia
299 837 440 900 hilaritate
455 837 634 917 proveniunt.
666 836 748 898 Vale.

670 969 733 1032 XX.

487 1069 514 1124 c.
533 1069 658 1121 numurus
677 1068 784 1121 annno
802 1069 863 1122 suo
883 1069 908 1120 e.
1028 993 1090 1088 q&

169 1183 185 1236 1
251 1174 298 1234 Ad
314 1192 387 1254 qnae
401 1171 547 1236 noscenda
562 1173 617 1235 iter
631 1172 753 1251 ingredi,
771 1173 962 1235 transmittere
975 1189 1052 1234 mare
1063 1171 1204 1254 solemus,
1214 1186 1242 1239 lo

195 1269 231 1320 ea
244 1257 297 1319 sub
315 1257 407 1318 oculis
423 1259 516 1337 posita
529 1257 727 1336 neglegimus,
743 1274 795 1317 seu
814 1259 878 1335 quia
892 1259 931 1318 ita
944 1267 1042 1318 natura
1057 1274 1204 1337 compara·
1281 1335 1282 1342 ἵ

193 1348 252 1401 turn
266 1352 297 1402 ut
318 1345 511 1423 proximorum
529 1342 666 1403 incuriosi
686 1341 842 1420 longinqua
863 1350 1024 1419 sectemur,
1049 1359 1103 1403 seu
1126 1343 1204 1422 quod
1281 1361 1282 1372 ¹

194 1427 316 1486 omnium
327 1444 422 1488 rernm
436 1426 539 1507 cupido
552 1425 725 1505 languescit,
738 1443 802 1485 cnm
814 1425 907 1488 facilis
922 1428 1051 1505 occasio,
1063 1443 1117 1488 seu
1127 1427 1205 1506 quod

194 1508 349 1571 differimus
366 1519 507 1589 tanquam
528 1528 617 1590 saepe
637 1511 725 1571 visuri
742 1509 818 1589 quod
837 1509 919 1571 datnr
929 1509 1045 1588 videre,
1070 1513 1205 1590 quotiens
1281 1557 1282 1592 ,

167 1592 266 1656 nselis
282 1611 411 1655 cernere.
445 1594 632 1674 Quacumque
647 1593 684 1654 de
701 1613 803 1672 causa,
820 1594 960 1673 permulta
977 1596 1006 1654 in
1020 1595 1092 1655 nrbe
1107 1605 1205 1656 nostra
1214 1601 1241 1658 15
1281 1605 1282 1666 ι

194 1678 328 1757 iuxtaque
344 1679 444 1738 urbem
458 1695 515 1738 non
534 1677 625 1739 oculis
646 1678 731 1738 modo
747 1679 851 1740 sedne
867 1680 981 1742 auribus
997 1679 1111 1759 quidem
1124 1683 1205 1741 novi·
1281 1693 1282 1732 ι

193 1779 268 1839 mus,
282 1763 392 1840 quaesi
406 1761 521 1824 tulisset
536 1761 659 1840 Achaia,
675 1761 845 1842 Aegyptos,
864 1763 934 1824 Asia
952 1763 1043 1824 aliave
1059 1765 1206 1843 quaelibet
1281 1743 1282 1788 l

194 1845 393 1908 miraculorum
419 1847 500 1908 ferax
526 1845 804 1926 commendatrixque
832 1857 925 1926 terra,
953 1847 1047 1909 audita
1074 1849 1205 1927 perlecta

167 1926 311 1993 eluserunt
324 1930 505 1993 haberemus.
534 1930 603 2011 lpse
618 1940 698 1992 certe
713 1948 806 2010 nuper
823 1931 900 2010 qnod
913 1950 968 1992 nec
981 1931 1124 1992 audieram
1139 1943 1204 1994 ante

192 2031 248 2074 nec
262 2013 387 2076 videram
402 2015 495 2077 audiri
511 2017 617 2095 pariter
631 2025 661 2076 et
673 2014 740 2075 vidi.
762 2013 908 2094 Exegerat
922 2033 1063 2094 prosocer
1076 2033 1160 2079 meus
1174 2026 1242 2081 utto

192 2097 326 2161 Amerina
351 2099 466 2178 praedia
491 2117 542 2161 sna
573 2101 755 2180 inspicerem.
800 2099 883 2162 llaec
904 2099 1111 2180 perambulanti
1137 2101 1204 2162 mihi

194 2183 352 2244 ostenditur
373 2184 525 2245 subiacens
540 2183 620 2246 lacus
641 2186 754 2245 nornine
767 2183 946 2246 Vadimonis:
967 2184 1050 2246 simul
1066 2185 1204 2265 quaedam
1281 2209 1282 2258 t

166 2266 370 2328 eincredibilia
385 2277 541 2329 narrantur.
572 2267 693 2329 Perveni
707 2267 742 2330 ad
759 2268 863 2347 ipsum.
896 2267 987 2330 Lacus
1003 2271 1091 2330 estin
1106 2270 1203 2330 simili·
1281 2275 1282 2316 l

191 2349 317 2410 tudinem
328 2353 447 2413 iacentis
462 2361 543 2412 rotae
559 2353 790 2430 circumscriptus
805 2360 835 2412 et
845 2351 970 2432 undique
982 2353 1127 2432 aequalis:
1142 2353 1202 2415 nul·
1281 2335 1282 2402 l

190 2431 237 2492 lns
254 2435 344 2511 sinus,
360 2433 512 2514 obliquitas
527 2435 615 2514 nulla,
632 2436 723 2495 omnia
736 2435 872 2515 dimensa,
887 2438 964 2516 paria
979 2447 1009 2498 et
1023 2439 1104 2516 quasi
1119 2439 1242 2500 antid-25
1281 2405 1282 2500 l

192 2518 235 2577 cis
250 2534 333 2577 manu
348 2527 446 2580 cavata
465 2528 494 2578 et
509 2520 615 2579 excisa.
650 2515 739 2578 Golor
752 2519 867 2579 caerulo
883 2519 1022 2600 albidior,
1042 2521 1162 2583 viridior
1175 2532 1204 2583 et

191 2602 336 2681 pressior,
360 2601 486 2682 sulpuris
505 2601 577 2663 odor
597 2620 740 2682 saporque
763 2603 935 2683 medicatus,
959 2607 1022 2684 nis,
1043 2623 1100 2684 qna
1114 2606 1203 2668 tracta

191 2683 357 2748 solidantur.
389 2686 517 2766 Spatium
537 2688 696 2765 modicum,
722 2688 799 2766 quod
820 2697 914 2749 tamen
935 2691 1038 2750 sentiat
1052 2699 1159 2751 ventos
1174 2700 1202 2751 et
1281 2743 1282 2748 ,

164 2769 324 2832 5lluctibns
339 2773 518 2833 intumescat.
547 2770 631 2831 Nulla
648 2774 678 2831 iu
692 2772 750 2832 hoc
764 2774 843 2834 naris
860 2772 960 2850 (sacer
974 2774 1077 2854 enim),
1094 2775 1149 2836 sed
1163 2775 1203 2834 in-

191 2863 286 2916 natant
308 2854 435 2934 insulae,
457 2855 594 2917 herbidae
613 2872 711 2916 omnes
726 2855 881 2916 harundine
896 2867 927 2918 et
939 2859 1044 2936 iunco,
1069 2864 1241 2938 quacqneeo
1281 2867 1282 2920 ἶ

97 2948 106 2962 ·
191 2935 248 2996 alia
266 2937 416 3018 fecundior
429 2940 512 3019 palus
528 2942 648 3018 ipsaque
665 2937 714 3000 illo
731 2943 894 3002 extremitas
910 2940 992 3002 lacus
1014 2943 1109 3008 effert.
1145 2944 1203 3004 Sua
1281 2943 1282 2998 1

192 3020 296 3098 cuique
314 3022 403 3098 ligura
416 3033 447 3084 nt
466 3023 582 3084 modus:
604 3025 715 3085 cunctis
730 3041 828 3104 margo
843 3024 975 3105 derasus,
991 3028 1056 3106 quia
1067 3026 1203 3107 frequen·
1281 3059 1282 3064 κ

190 3112 236 3165 ter
250 3102 298 3165 vel
313 3103 389 3166 litori
405 3105 452 3166 vel
470 3107 524 3168 sibi
542 3105 642 3168 inlisae
660 3116 757 3169 terunt
775 3117 971 3189 terunturque.
1001 3107 1055 3171 l‘ar
1068 3113 1203 3172 omnibus

190 3187 326 3267 altitudo,
347 3208 399 3270 par
411 3189 529 3261 levitam
550 3193 658 3271 quippe
673 3193 702 3252 in
717 3193 847 3272 speeiem
862 3196 974 3255 carinae
989 3193 1087 3254 humili
1103 3195 1203 3257 radice

165 3270 379 3341 fidescendunt.
410 3273 489 3336 llaec
509 3275 545 3336 ab
569 3278 643 3336 omui
665 3276 756 3338 latere
776 3279 951 3357 perspicitur
971 3277 1130 3359 eademqne
1154 3286 1237 3342 subt

190 3373 296 3436 spensa
318 3360 427 3437 pariter
445 3368 474 3419 et
492 3377 595 3421 mersa.
628 3358 772 3422 Interdum
795 3363 908 3424 iunctae
935 3363 1147 3443 copulataeque
1173 3373 1202 3425 et

191 3443 345 3502 continenti
367 3441 475 3505 similes
496 3452 579 3524 sunt,
602 3445 743 3506 interdurn
764 3444 993 3508 discordantibus
1009 3449 1103 3509 ventis
1120 3447 1201 3527 dige-

189 3534 303 3608 runtur,
318 3544 538 3610 nonnumquam
551 3529 703 3592 destitutae
718 3529 920 3610 tranquillitate
935 3531 1065 3612 singulae
1081 3531 1200 3594 fluitant.
