2580 3970
194 264 259 328 242
616 263 649 324 G.
671 262 769 325 Pbllll

196 428 226 480 et
241 417 322 479 lavor
335 425 403 478 usuc
418 416 528 494 statim,
545 434 609 476 cum
625 416 661 476 ad
675 417 831 477 exercitum
844 415 1081 494 proficiscereris,
1098 424 1128 476 et
1139 416 1197 493 qui·

197 501 261 562 dem
276 501 408 562 inusitato
423 501 540 561 aedicio
556 502 674 560 enotuit.
708 498 779 560 llam
795 509 911 560 ceteros
925 500 1069 578 principes
1084 507 1131 558 aut
1145 498 1196 558 lar·
1278 514 1279 538 t

196 603 251 664 gas
267 603 352 645 cruor
371 584 526 645 bestiarum
542 592 592 644 aut
613 585 730 644 sinister
749 582 861 644 volatus
876 581 1196 644 aviumconsuleutibus

196 670 349 745 nuntiavit,
369 669 420 728 tibi
441 666 609 728 ascendenti
624 667 660 726 de
680 685 759 728 more
780 665 949 745 Capitolium
962 683 1130 746 quemquam
1143 683 1198 726 nou

196 752 226 813 id
239 754 382 831 agentium
401 753 502 811 civium
519 750 640 828 clamor,
666 753 764 812 utiam
778 752 916 830 principi,
943 751 1082 819 occurrit;
1111 750 1223 828 siqui-5

198 837 262 897 dem
278 837 369 896 omnis
382 835 463 895 turbu
478 852 552 914 quae
566 834 652 894 limen
671 834 815 895 insederat
834 834 870 894 ad
889 837 1051 912 ingressum
1066 833 1198 894 tuam-lo·

197 921 274 981 ribus
285 918 407 980 reclusis
416 918 464 979 illa
475 918 600 997 quidem,
615 926 645 978 ut
660 927 727 978 tunc
740 919 934 996 arbitrabatur,
951 918 1198 994 deum,ceterum,

198 1013 228 1064 ut
243 1003 341 1064 docuit
356 1012 493 1080 eventus,
516 1010 544 1063 te
560 1001 746 1064 consalutauit
761 1004 969 1080 imperatorem.
1008 999 1072 1062 llac
1087 1000 1169 1062 aliter
1183 1019 1200 1060 a

198 1089 309 1148 cunctis
331 1103 415 1147 canen
435 1095 586 1166 acceptum
608 1095 661 1146 est.
695 1084 766 1146 Nam
786 1089 850 1166 ipse
872 1085 1044 1164 intellegere
1066 1085 1199 1146 nolebas:

197 1169 351 1232 recusabas
366 1171 441 1230 enim
454 1171 608 1250 imperare:
628 1170 800 1247 recusabas,
812 1170 899 1249 uprod
913 1170 989 1230 bene
1004 1178 1065 1231 eret
1079 1170 1199 1248 bupem-
1211 1175 1243 1226 lo

197 1257 263 1317 turi.
295 1253 384 1332 Igitur
397 1253 545 1330 cogendus
559 1253 645 1314 luisti.
679 1251 755 1332 ¹Cogi
776 1269 863 1333 porro
876 1263 1066 1332 neapoteuas
1081 1255 1136 1314 uisi
1150 1271 1200 1331 pe-

196 1338 288 1399 riculo
303 1340 410 1417 patriae
426 1346 456 1398 et
471 1339 615 1399 nuatum
636 1339 678 1397 rei
693 1336 836 1417 publicae.
862 1337 1136 1399 ΙΟιιιιιιιιιιιιιιιιιιιιιι
1150 1337 1200 1397 tibi

196 1440 254 1482 non
275 1425 424 1501 suscipere
442 1423 607 1501 imperium,
629 1423 684 1481 uisi
700 1421 869 1483 sanandum
886 1422 999 1483 luisset.
1027 1419 1129 1494 ιΩιιιιι
1144 1437 1201 1498 ego

198 1505 276 1566 illum
291 1504 517 1584 ipsumlurerem
531 1515 695 1584 motumque
708 1515 883 1566 castrensem
895 1522 964 1565 reor
973 1506 1120 1581 extitisse,
1133 1505 1203 1582 ,quia
1280 1507 1281 1522 ¹

198 1606 297 1666 magna
316 1590 345 1647 ιι
358 1606 526 1668 'magnoque
544 1589 808 1651 terroremodestin
823 1599 872 1650 tua
892 1588 1032 1649 ducenda
1051 1598 1121 1650 erut.
1156 1589 1203 1648 Ac
1214 1599 1245 1650 15

199 1675 273 1733 sicut
287 1673 371 1731 maris
386 1668 517 1750 caelique
538 1675 706 1750 temperiem
721 1674 848 1735 turbines
864 1681 1108 1752 tempestatesque
1125 1688 1203 1732 com·

199 1754 348 1832 mendant,
369 1756 407 1814 ita
426 1753 462 1814 ad
482 1755 638 1832 ιιιςιιιιιιιιι
653 1758 733 1834 pacis
749 1765 814 1817 tuae
829 1757 947 1836 gratiam
960 1756 1040 1816 illum
1055 1753 1204 1816 tumultum

199 1840 397 1919 praecessisse
413 1837 591 1899 crediderim.
626 1838 718 1900 Habet
733 1841 784 1902 bae
797 1843 879 1902 ιιιιι
891 1840 1025 1901 conditio
1045 1838 1205 1900 mortalium

199 1934 230 1988 ut
243 1921 363 1984 adversa
378 1940 414 1983 ex
424 1922 571 2002 secundis,
588 1941 625 1984 ex
638 1923 765 1986 adversis
777 1924 903 1986 secunda
913 1933 1072 1986 nascantur.
1097 1921 1204 1984 Occul-
1281 1982 1282 2012 ,

199 2018 238 2069 tat
258 2017 440 2086 utrorumque
464 2009 573 2068 semina
597 2007 685 2086 deus,
710 2019 740 2070 et
763 2008 931 2088 plerumque
955 2008 1093 2069 bonorum
1114 2007 1246 2072 malo-20
1281 2017 1282 2042 l

167 2103 316 2172 ficumque
338 2109 441 2152 causae
458 2091 512 2153 sub
531 2091 645 2152 diversa
664 2094 765 2170 specie
789 2091 885 2155 latent.
929 2091 1061 2170 llagnum
1086 2091 1204 2170 quidem

199 2175 268 2236 illud
291 2174 410 2237 saeculo
430 2174 575 2253 dedecus,
598 2193 730 2253 magnum
749 2177 792 2236 rei
812 2175 945 2254 publicae
965 2176 1067 2236 vulnus
1090 2178 1204 2254 inpres-

199 2277 261 2321 sum
281 2268 339 2320 cst:
365 2260 518 2338 imperator
538 2268 568 2319 et
588 2277 692 2358 parens
718 2262 834 2358 generis
856 2260 965 2320 humaui
991 2259 1135 2321 obsessus
1157 2277 1204 2320 ca-

198 2352 264 2421 ptus
281 2341 425 2419 inclusus,
440 2342 531 2403 ablata
546 2344 693 2405 mitissimo
705 2362 767 2404 sem
760 2344 981 2404 'servandorum
995 2344 1147 2404 bominum
1149 2361 1204 2423 po-

198 2434 304 2502 testas,
334 2435 521 2503 ereptumque
542 2428 663 2505 principi
683 2425 780 2486 illud
772 2444 800 2486 ιιι
821 2429 981 2527 principatu
995 2428 1192 2488 beatissimum
1196 2441 1242 2504 ,ι

199 2507 275 2588 quod
290 2506 360 2567 nibil
376 2510 497 2586 cogitur.
533 2508 563 2568 Si
578 2518 672 2570 umen
686 2508 759 2570 baec
773 2509 834 2571 sola
850 2521 909 2572 erat
924 2514 1003 2572 ratio
1000 2529 1087 2590 qtae
1102 2521 1133 2572 te
1151 2529 1205 2590 pu·

198 2591 291 2653 blicae
306 2591 404 2653 salutis
422 2592 622 2670 gubernaculis
636 2593 819 2673 admoveret,
837 2613 928 2674 prope
943 2604 988 2656 est
998 2605 1036 2656 ut
1043 2595 1206 2656 exclamem

198 2678 266 2737 tanti
280 2675 380 2737 luisse
404 2675 544 2756 corrupta
559 2685 604 2739 eet
619 2676 768 2756 disciplina
779 2688 952 2756 casuorum,
969 2687 999 2739 ut
1011 2687 1040 2738 tu
1053 2689 1207 2742 corrector

198 2761 418 2840 emendatorque
433 2762 633 2839 contingerem
649 2761 792 2822 inductum
806 2765 960 2840 pessimum
975 2761 1157 2842 exemplum,
1175 2771 1206 2821 ut

197 2847 565 2988 libitudine
580 2848 1104 3032 tilttetb‘blltltttti
1118 2846 1246 2990 bibl

403 2973 412 3006 t

197 3021 226 3071 tu
246 3009 358 3089 quidem
381 3010 508 3110 adoptari
528 3011 691 3082 merebam
716 3013 769 3076 sed
789 3015 982 3076 nescissemus
999 3023 1135 3093 quantana
1149 3013 1206 3075 tibi

197 3093 344 3154 deberct'
336 3096 500 3173 imperium,
528 3097 552 3156 ιι
572 3106 637 3158 ante
651 3096 800 3177 adoptatus
818 3116 911 3159 esses.
947 3096 1142 3176 Expectatum
1158 3106 1206 3158 est

197 3188 309 3256 tempus
324 3196 381 3257 quo
395 3177 518 3258 liqueret
530 3197 587 3241 uon
600 3190 657 3242 tam
668 3183 818 3261 accepisse
830 3191 859 3242 te
871 3181 1041 3242 beneficium
1052 3198 1138 3260 quam
1153 3181 1206 3241 de·

197 3260 283 3322 disse.
307 3260 461 3340 Oonlugit'
453 3281 481 3323 ιιι
492 3264 583 3325 sinum
597 3274 675 3325 mum
686 3283 826 3327 concussa
839 3283 888 3328 res
903 3265 1035 3344 publice,
1049 3282 1205 3344 ruensque
1214 3269 1246 3324 35

195 3345 344 3423 imperium
358 3365 447 3425 super
456 3349 655 3428 imperatorem
669 3351 846 3430 imperatoris
859 3350 910 3411 tibi
921 3366 996 3410 voce
1008 3348 1131 3409 delatam
1138 3358 1204 3410 est

194 3428 355 3529 lnplpratua
370 3429 522 3510 adoptione
539 3443 569 3493 et
579 3437 688 3495 accitus
703 3453 751 3511 es,
774 3443 805 3496 ut
818 3433 886 3494 olim
902 3433 990 3494 duces
1005 3434 1099 3510 magui
1114 3449 1131 3493 a
1148 3451 1204 3512 pe·

192 3515 317 3592 regriuis
333 3517 515 3596 extentisque
530 3516 615 3578 bellis
630 3518 664 3578 ad
680 3535 765 3599 opem
780 3520 889 3597 patriae
908 3515 1055 3579 terendam
1065 3518 1203 3578 revecari
