2604 3972
299 277 561 339 EPISTULARUM
571 277 660 339 Vllll.
673 289 716 341 ao.
728 289 771 340 21.
785 289 828 341 m.
840 287 883 342 ne.
1038 275 1099 342 187

95 431 184 508 ducit,
199 448 268 491 vcra
282 429 413 508 suboles,
428 447 522 509 coque
537 429 676 492 simillima
690 429 731 491 illi
742 431 772 491 in
784 447 840 510 quo
854 430 904 490 illc
916 431 1098 510 praecipuast

96 515 127 576 Si
143 513 243 592 elegos
258 515 320 574 eius
335 514 363 573 in
376 531 485 574 manum
504 515 676 594 sumpseris,
698 513 781 592 leges
804 531 876 594 opus
893 524 1011 591 tersum,
1029 514 1125 576 mol-2

94 598 140 675 le,
163 596 331 675 iucundum,
359 606 388 657 et
408 596 492 675 plane
515 599 544 656 in
560 596 700 677 Propertii
722 597 805 659 domo
823 600 967 677 scriptum.
999 596 1099 677 Nuper

94 681 130 743 ad
144 680 234 756 lyrica
248 679 379 758 deflexit,
401 680 430 739 in
446 681 547 759 quibus
564 682 602 741 ita
616 679 761 741 Horatium
775 683 848 741 utin
862 681 919 743 illis
935 680 1014 741 illum
1028 681 1098 742 alte·

67 764 288 840 smmetfingb.
315 763 418 840 Putes,
439 765 464 825 si
481 763 548 843 quid
561 765 589 824 in
604 765 704 825 studiis
719 767 852 842 coguatio
864 764 958 841 valet,
973 773 1002 825 et
1015 765 1097 825 buius

95 849 293 927 propinquum.
325 845 428 925 blegne
446 849 584 926 sanetas,
605 865 706 926 magna
721 847 872 910 mobilitas.
905 849 989 909 Amat
1003 857 1034 909 ut
1051 850 1097 927 qui

93 933 255 1008 uerissime,
272 929 350 992 dolet
365 932 458 1010 utqui
474 933 719 1010 impatientissime,
735 931 829 993 laudat
843 941 875 992 ut
889 934 937 1011 qui
953 933 1097 1010 benignis·

95 1016 177 1092 sime,
192 1014 264 1074 ludit
279 1022 310 1074 ut
324 1016 371 1094 qui
385 1014 569 1093 facetissime,
585 1018 677 1076 omnia
694 1015 817 1095 denique
831 1024 970 1095 nmquam
987 1015 1097 1093 singula

94 1097 226 1158 absolvit.
254 1096 309 1158 Pro
325 1098 382 1158 boc
397 1100 575 1176 egoenim,
593 1117 647 1179 pro
662 1099 718 1158 boc
736 1117 793 1176 ego
808 1100 923 1177 ingenio
938 1118 995 1161 non
1008 1101 1123 1158 minus3

49 1199 185 1260 manger
198 1183 291 1242 animo
306 1199 388 1259 quam
403 1199 526 1261 corpore
547 1182 614 1260 ille,
633 1181 746 1243 tandem
760 1181 849 1260 illum,
865 1182 978 1244 tandem
992 1200 1038 1243 me
1052 1201 1097 1243 re·

82 1267 171 1344 cepi.
205 1263 353 1326 Gratulare
368 1265 452 1342 mibi,
474 1265 617 1344 gratulare
634 1267 718 1326 ctiam
734 1265 837 1328 litteris
854 1268 943 1346 ipsis,
967 1284 1040 1345 quae
1062 1284 1099 1326 ex

93 1348 225 1427 periculo
237 1350 298 1408 eius
310 1357 415 1410 tautum
427 1349 577 1411 discrimen
590 1349 718 1410 adierunt
736 1357 868 1429 quantum
885 1367 923 1410 ex
931 1349 1023 1410 salute
1035 1349 1097 1427 glo·
1205 1391 1209 1398 -

93 1434 151 1494 riae
167 1441 384 1510 consequentur.
418 1432 499 1493 Vale.

539 1565 644 1628 XXIII.

49 1613 82 1666 ¹⁵
371 1662 398 1712 c.
417 1662 542 1715 sumtus
562 1663 692 1715 mnxmo
709 1663 769 1716 suo
787 1663 815 1718 e.
856 1649 861 1660 '
1006 1581 1074 1690 Ὗ(

152 1762 331 1842 Frequenter
345 1766 440 1842 agenti
461 1765 528 1825 mibi
545 1768 641 1826 evenit
662 1775 692 1826 ut
712 1767 894 1842 centumviri,
922 1782 985 1824 cum
1002 1762 1049 1822 diu
1064 1781 1120 1833 sc]

91 1848 163 1907 intra
185 1845 308 1907 iudicum
333 1849 528 1910 auctoritatem
547 1852 772 1929 grauitatemque
794 1851 969 1925 tenuissent,
997 1863 1097 1908 omues

91 1938 213 2010 repente
229 1933 390 2010 quasivicti
406 1933 557 2011 coactique
572 1942 779 2010 consurgerent
801 1931 1019 2010 laudarentque;
1040 1930 1123 1999 fre-q

47 2023 216 2093 soquentsr
230 2033 246 2074 c
260 2024 360 2075 senatu
374 2015 491 2092 lamam,
515 2015 626 2093 qualem
645 2018 765 2076 maxime
785 2026 965 2095 optaveram,
986 2013 1096 2073 rettuli:

92 2114 241 2177 numquam
261 2106 354 2160 tamen
375 2101 509 2158 maiorem
530 2101 595 2178 cepi
616 2099 811 2178 voluptatem,
840 2115 924 2177 quam
946 2113 1038 2176 nuper
1061 2114 1097 2155 ex

92 2198 226 2242 sermone
248 2179 364 2242 comen
386 2181 486 2242 Taciti.
525 2180 662 2243 Narrabat
684 2181 796 2243 sedisse
824 2201 857 2242 se
885 2197 949 2242 cum
976 2179 1097 2258 quodam

93 2263 278 2325 Circensibus
301 2267 452 2345 proximis:
481 2265 556 2326 bunc
576 2275 642 2345 post
662 2267 757 2327 varios
779 2264 963 2344 eruditosque
989 2277 1097 2324 sermo-

92 2366 146 2408 nes
165 2350 323 2428 requisisse
347 2347 475 2410 <ltalicus
499 2367 532 2409 es
555 2367 590 2410 an
611 2345 834 2429 provincialisl’
859 2367 892 2409 se
911 2347 1097 2428 respondisse

47 2443 82 2500 25
93 2433 181 2492 ‘nosti
196 2449 253 2510 me,
269 2433 424 2512 etquidem
440 2450 479 2494 ex
491 2433 614 2494 studiis!
643 2433 688 2494 Ad
702 2435 758 2494 boc
769 2432 848 2493 illum
863 2432 990 2493 ‘Tacitus
1007 2449 1040 2492 cs
1062 2446 1123 2501 ana

92 2512 237 2576 Plinius'l'
257 2515 423 2595 Exprimere
440 2532 497 2576 non
511 2534 629 2596 possum
640 2535 723 2597 quam
735 2519 771 2578 sit
782 2517 932 2578 iucundum
942 2516 1008 2576 mibi
1021 2514 1098 2593 quod

92 2600 205 2659 nomina
220 2607 334 2677 nostra,
351 2601 431 2678 quasi
442 2599 597 2660 litterarum
611 2602 741 2678 propria,
757 2617 814 2660 non
827 2601 979 2676 bominum,
995 2597 1097 2658 litteris

91 2681 265 2760 redduntur,
287 2683 363 2761 quod
383 2693 503 2763 uterque
523 2693 652 2744 nostrum
670 2684 714 2743 bis
734 2685 818 2744 etiam
836 2702 874 2743 ex
891 2681 991 2743 studiis
1011 2689 1096 2741 notus

92 2765 197 2845 quibus
214 2764 299 2827 aliter
315 2768 429 2844 ignotus
447 2775 502 2826 est.
523 2766 638 2827 Accidit
655 2764 730 2826 aliud
750 2774 814 2826 ante
830 2763 967 2845 pauculos
981 2762 1042 2824 dies
1058 2763 1123 2830 sit

47 2848 168 2922 somilo.
191 2848 386 2910 Recumbebat
403 2867 514 2912 mecum
528 2851 571 2909 rir
585 2850 731 2928 egregius,
750 2847 853 2910 Fadius
863 2847 993 2926 llulinus,
1009 2863 1097 2924 super

92 2950 158 2992 eum
172 2932 320 3013 municeps
341 2935 450 3013 ipsius,
475 2935 522 3012 qui
537 2932 588 2994 illo
607 2933 653 2994 die
671 2935 790 3012 primum
804 2941 922 2993 uenerat
939 2933 968 2992 iu
982 2932 1097 3001 urbem;

92 3018 140 3078 cui
154 3015 288 3094 Rufinus,
312 3016 506 3079 demonstrans
519 3034 577 3096 me,
595 3016 688 3078 <vides
700 3013 813 3078 buncl’
840 3013 929 3076 Multa
945 3014 1047 3076 deiude
1060 3013 1098 3074 de

91 3099 193 3162 studiis
204 3102 319 3162 nostris.
351 3101 388 3162 Et
403 3100 452 3162 ille
467 3100 584 3162 ‘Plinius
600 3105 657 3162 est'
669 3102 767 3181 inquit.
793 3099 900 3160 Verum
914 3098 1037 3176 fatebor,
1050 3111 1122 3162 ca·5

90 3185 142 3263 pio
157 3201 288 3262 magnum
298 3183 404 3246 laboris
416 3185 472 3244 mci
484 3184 613 3247 lructum.
636 3183 692 3261 An,
709 3185 733 3245 si
743 3183 954 3245 Demosthenes
967 3184 1028 3242 inre
1038 3180 1097 3242 lue·

48 3275 168 3332 etiams
182 3267 316 3347 estquod
329 3267 487 3330 illumanus
504 3267 599 3330 Attica
609 3269 647 3328 ita
657 3269 820 3345 noscitavit,
839 3254 938 3338 οὗτός
949 3260 1017 3326 ἐστι
1029 3265 1097 3343 Δη-

93 3345 279 3431 μοσθένης,
295 3368 351 3430 ego
367 3351 534 3413 celebritate
549 3352 669 3414 nominis
689 3352 745 3412 mei
761 3350 888 3429 gaudere
907 3366 965 3410 non
980 3345 1097 3410 debeo?

91 3431 157 3512 Ego
175 3452 246 3495 uero
264 3444 293 3495 et
307 3435 418 3512 gaudeo
434 3445 463 3495 et
480 3434 606 3513 gaudere
621 3453 666 3495 me
683 3434 756 3496 dico.
788 3432 891 3513 Neque
910 3435 1123 3495 enimuereort

92 3534 130 3578 ne
144 3519 294 3580 iactantior
306 3519 414 3597 ridear,
431 3535 495 3578 cum
513 3517 548 3580 de
562 3535 608 3578 me
626 3517 745 3579 aliorum
758 3518 911 3596 iudicium,
933 3533 990 3577 nou
1003 3529 1100 3575 meum
