2584 3972
325 277 588 340 EPISTULARUM
604 277 652 339 Vl.
674 287 719 341 23.
730 287 773 341 at.
786 288 829 340 25.
842 287 886 342 26.
1057 277 1118 342 125

118 449 156 492 ex
173 428 278 490 diutino
298 431 398 491 morbo
419 432 495 492 circa
515 430 636 492 velanda
657 431 787 511 corporis
807 429 952 493 ulceribus
966 438 1118 509 putresee-

116 515 177 576 lst·
193 531 267 575 uxor
279 524 311 576 nt
325 515 481 592 inspiceret
496 517 609 592 exegit;
624 533 718 594 neque
735 515 809 576 enim
823 531 992 594 quemquam
1007 513 1118 574 fidelius

115 597 299 659 indicaturum
313 607 451 678 possetne
473 599 572 658 sanari.
594 598 688 677 Vidit,
705 598 882 678 desperavit:
902 599 1014 659 hortata
1029 607 1074 658 est
1088 605 1145 662 ntt

113 690 273 742 moreretur
298 699 454 761 comesque
474 684 536 760 ipsa
556 684 671 761 mortis,
694 682 752 743 dux
770 684 854 744 irnmo
869 690 898 742 ct
913 679 1074 760 exemplum
1090 689 1119 742 ct

89 767 276 830 successisse
291 765 352 826 luit.
375 765 447 826 Nam
458 783 491 826 se
504 782 568 826 oum
577 768 676 828 marito
687 766 786 844 ligavit
799 765 963 844 abiecitque
975 767 1005 824 in
1017 763 1117 824 lacum.

114 848 201 922 Quod
216 851 321 910 lactum
337 868 374 909 ne
387 849 453 909 milri
468 849 598 929 quidem,
616 851 664 928 qni
678 852 845 930 municeps,
861 851 916 910 nisi
931 849 1060 929 proxime
1071 859 1144 912 an-5

112 933 203 993 clitum
224 941 285 1010 est,
307 950 364 993 non
381 935 445 1012 quia
466 934 556 995 minus
576 931 627 993 illo
646 931 803 995 clarissimo
824 933 927 994 Arriae
948 932 1043 1010 lacto,
1065 931 1118 993 sel

112 1018 180 1095 quia
193 1018 284 1077 minor
296 1017 369 1096 ipsa.
402 1015 481 1079 Vale.

389 1250 417 1304 C.
435 1250 562 1304 PLINIUS
575 1150 719 1304 {glano
738 1248 799 1302 SUO
818 1249 845 1303 S.

179 1351 288 1413 Scribis
309 1351 485 1432 Robustum,
513 1353 691 1434 splendidum
711 1355 837 1432 equitem
856 1351 1027 1430 Romanum,
1055 1368 1144 1419 cumr

110 1433 203 1496 Atilio
218 1434 337 1514 Scauro,
352 1440 443 1499 amico
459 1456 536 1515 mec,
553 1437 716 1498 Ocriculum
730 1455 822 1516 usquc
832 1438 1042 1497 communeiter
1053 1452 1119 1514 per·

112 1521 233 1597 egisse,
256 1519 358 1581 deinde
371 1539 509 1600 nusquam
525 1523 733 1602 comparuisse:
750 1523 826 1600 petis
841 1530 872 1582 ut
887 1521 1011 1581 Scaurus
1024 1521 1126 1581 veniat

74 1615 239 1683 tonosque,
254 1606 279 1665 si
293 1613 406 1684 potest,
423 1607 452 1665 in
465 1605 559 1686 aliqua
573 1606 760 1685 inquisitionis
775 1606 897 1683 vestigia
910 1604 1033 1666 inducat.
1062 1602 1144 1672 Ve·2

110 1690 189 1757 niet;
211 1705 315 1749 vereor
335 1708 373 1750 ue
394 1689 506 1750 frustra.
535 1691 675 1769 Suspicor
696 1692 770 1750 enirn
788 1689 846 1751 tale
865 1690 965 1751 nescio
980 1687 1047 1767 quil
1061 1687 1119 1748 llo·

111 1773 202 1833 busto
216 1772 356 1834 accidisse
378 1772 461 1852 quale
481 1773 747 1854 aliquandollctilio
762 1771 877 1852 crispo,
892 1774 1026 1852 municipi
1042 1789 1117 1832 meo.

111 1855 188 1916 Huic
204 1874 260 1935 ego
275 1855 402 1917 ordinem
414 1859 621 1937 inpetraveram
635 1857 728 1937 adque
744 1860 828 1918 etiam
844 1857 1037 1936 proficiscenti
1052 1870 1146 1934 qua-3

112 1940 245 2018 draginta
260 1939 335 2001 milia
354 1959 495 2002 nummum
516 1941 552 2002 ad
571 1942 764 2003 instruendum
785 1960 817 2001 se
838 1940 1048 2019 ornandumque
1069 1940 1119 2001 (lo-

71 2027 265 2103 tumueram,
285 2041 341 2085 nec
362 2035 463 2104 postea
485 2035 532 2085 ant
553 2025 691 2104 epistulas
707 2026 769 2086 eius
784 2033 831 2085 ant
846 2023 969 2102 aliquem
991 2024 1026 2083 de
1043 2025 1120 2083 exitu

110 2109 242 2168 nuntium
256 2110 366 2188 accepi.
397 2107 617 2188 Interceptusne
633 2111 668 2169 sit
682 2127 698 2168 a
713 2109 773 2169 suis
786 2125 821 2168 an
838 2125 901 2168 cnm
916 2110 976 2168 suis
991 2106 1147 2172 dubium

112 2202 198 2253 certe
212 2210 269 2252 non
284 2193 358 2270 ipse,
373 2211 430 2253 uon
445 2194 594 2273 quisquam
607 2211 645 2252 ex
660 2193 752 2253 serris
767 2192 829 2251 cina
839 2193 978 2270 apparuit.
999 2189 1038 2251 Ut
1045 2209 1083 2251 ne
1091 2193 1120 2251 in

111 2276 247 2337 Robusto
260 2294 375 2355 quoque
383 2276 459 2338 idem
469 2275 660 2357 experiamur!
671 2275 777 2336 Tamen
785 2292 965 2337 accersamus
973 2275 1118 2336 Scaurum.

112 2359 225 2421 Demus
239 2361 296 2421 hoc
310 2362 383 2439 tuis,
400 2359 498 2421 tlemus
512 2363 610 2441 optimi
624 2359 818 2422 adulescentis
832 2359 1039 2422 honestissimis
1054 2373 1146 2439 pre-5

71 2452 104 2506 25
115 2444 211 2522 cibus,
227 2445 275 2524 qui
289 2446 395 2524 pietate
409 2446 494 2524 mira,
509 2447 577 2506 mira
593 2446 677 2507 etiam
693 2445 866 2523 sagacitate,
878 2453 987 2524 patrem
1001 2445 1121 2522 quaerit.

111 2527 153 2588 ttt
167 2528 290 2605 faveant,
306 2538 336 2590 ut
351 2530 394 2591 sic
408 2531 531 2591 inveniat
544 2531 653 2610 ipsum,
670 2527 903 2608 quemadmodum
916 2531 970 2590 iam
986 2546 1050 2588 cum
1064 2544 1121 2606 quo

113 2613 220 2674 fuisset
233 2612 354 2674 inuenit!
382 2612 464 2674 Vale.

73 1194 105 1246 ‚0

71 2866 107 2920 30
383 2845 409 2896 c.
428 2845 555 2898 nnrnrus
571 2845 733 2898 snamnuo
753 2842 813 2896 suo
829 2842 855 2894 s.

179 2946 295 3034 Gaqdeo
312 2958 341 3008 et
361 2948 489 3027 gratulor
508 2950 585 3030 quod
601 2948 697 3010 Fusco
718 2947 867 3010 Salinatori
883 2946 966 3008 liliam
981 2954 1056 3008 tuam
1072 2945 1147 3011 de·1

115 3033 238 3094 stinasti.
255 3033 364 3093 Domus
376 3035 503 3112 patricia,
519 3043 601 3113 pater
610 3033 837 3110 honestissimus,
852 3039 942 3092 mater
952 3029 1013 3110 pari
1023 3029 1123 3100 laude;

115 3118 183 3196 ipse
198 3117 353 3195 maliosus,
368 3117 520 3196 litteratus,
536 3119 620 3179 etiam
633 3116 767 3193 disertus,
782 3134 855 3196 puer
865 3115 1057 3195 simplicitate,
1074 3130 1123 3174 co·

117 3202 216 3262 mitate
235 3203 364 3280 iuream,
386 3220 477 3263 senex
495 3204 647 3280 gravitate:
670 3202 854 3281 nequeenim
873 3215 970 3260 amore
984 3198 1123 3275 decipior.

73 3291 109 3346 ³5
119 3284 193 3346 sno
207 3285 320 3364 quidem
334 3285 425 3346 effuse
440 3286 493 3366 (ita
507 3286 629 3364 officiis,
646 3288 684 3346 ita
700 3287 861 3347 reverentia
875 3282 1011 3362 meruit),
1027 3280 1149 3342 iudicol

117 3377 229 3446 umen,
252 3378 283 3430 et
300 3369 412 3449 quidem
426 3378 504 3432 tanto
519 3371 612 3431 acrius
628 3379 733 3448 quanto
747 3371 837 3448 magis
851 3385 932 3447 amo,
953 3367 1079 3445 tibique,
1093 3375 1125 3426 ut

119 3454 168 3530 qul
183 3452 409 3533 exploraverim,
425 3454 556 3534 spondeo
571 3453 730 3515 habiturum
744 3463 774 3516 te
789 3470 928 3532 generum
944 3469 1001 3531 quo
1021 3449 1123 3538 melior

121 3535 188 3616 fingi
202 3555 239 3598 ne
250 3546 319 3600 voto
334 3537 447 3618 quidem
460 3540 560 3618 potuit.
591 3538 731 3618 Superest
750 3546 780 3598 ut
800 3554 882 3599 avum
896 3545 925 3597 te
940 3551 1022 3614 quarn
1036 3540 1150 3594 matu-a
