2584 3972
386 266 649 328 EPISTULARUM
661 266 724 328 Vll.
749 277 790 332 18.
808 278 850 332 19.
1055 269 1116 336 143

113 421 231 496 intuear,
249 419 351 498 quibus
368 420 491 498 credam,
510 438 582 499 quos
595 418 717 499 denique
732 430 761 481 et
775 430 914 500 tamquam
925 421 1054 498 singulos
1066 422 1116 484 ob·

114 521 227 566 servem
249 512 278 563 et
295 512 435 582 tamquam
453 521 510 564 non
532 503 660 582 siugulos
683 507 804 564 timeam.
837 504 906 565 Nam
923 504 999 584 quod
1013 505 1052 564 tl.
1069 504 1158 574 (li-13

114 603 183 648 cero
201 587 237 647 de
251 587 329 664 stilo,
346 605 403 665 ego
415 587 451 648 de
465 597 542 648 metu
553 589 656 649 sentio.
671 587 774 668 I'imor
787 596 831 649 est
843 588 1116 668 emendatorasper:

112 674 209 732 rimus.
232 668 294 731 lloc
308 673 418 750 ipsum,
436 671 513 751 quod
526 688 579 732 nos
595 658 952 750 recitatifr‘dfdog‘itamus,
970 673 1115 734 emendet:

88 755 190 836 equod
204 755 371 816 auditorium
386 756 574 834 ingredimur,
589 755 735 818 emendat:
756 756 833 836 quod
847 754 1002 835 pallemus,
1017 757 1114 817 horre·

113 842 235 916 seimus,
255 840 519 918 circumspicimus,
538 839 676 900 emendat.
710 838 831 900 Proinde
851 841 908 900 non
929 841 1054 918 paenitet
1068 857 1113 901 me
1124 851 1157 906 14

113 923 327 985 consuetudinis
341 940 438 1000 meae,
458 940 540 1002 quam
557 923 731 986 utilissImam
746 925 896 1002 experior,
913 924 1044 1004 adeoque
1058 942 1114 985 non

113 1008 262 1069 deterreor
281 1006 469 1070 sermunculis
489 1010 624 1084 istorum,
649 1017 679 1068 ut
700 1007 776 1069 ultro
796 1017 826 1069 te
846 1026 946 1087 rogem
970 1019 1113 1071 monstres

112 1091 219 1171 aliquid
234 1089 311 1170 quod
326 1089 370 1152 bis
386 1089 493 1152 addam.
513 1090 590 1151 Nihil
606 1093 678 1151 enim
698 1111 782 1154 curae
798 1111 879 1154 meae
898 1094 966 1154 satis
981 1102 1034 1155 est.
1058 1089 1156 1157 tto-15

73 1177 175 1254 rogito
198 1175 334 1254 quamsit
355 1191 486 1252 magnum
506 1174 572 1236 dare
593 1174 699 1254 aliquid
720 1178 748 1236 in
764 1194 861 1237 manus
878 1177 1038 1256 hominum,
1060 1194 1115 1237 neo

112 1259 287 1338 persuadere
307 1259 373 1318 mihi
394 1276 511 1337 possum
534 1276 590 1318 non
608 1268 717 1321 etcum
731 1259 825 1321 multis
841 1270 870 1320 et
889 1279 977 1340 saepe
994 1269 1115 1323 tractan-

112 1343 178 1402 dum
193 1343 268 1423 quod
283 1341 399 1420 placere
417 1351 446 1403 et
461 1360 576 1422 sempor
591 1351 621 1402 et
636 1346 765 1406 omnibus
780 1345 887 1422 cupias.
916 1344 997 1405 Vale.

561 1475 665 1537 XVIII.

70 1612 102 1664 15
386 1573 413 1628 C.
433 1572 556 1624 PLINIUS
576 1573 705 1624 OANlNlO
725 1572 784 1624 SUO
804 1573 831 1624 S.

179 1675 331 1738 Deliberas
348 1694 460 1738 mecum
481 1676 713 1756 quemadmodum
734 1677 856 1754 pecunia
872 1693 954 1756 quam
968 1677 1140 1755 municipi-1

113 1761 167 1822 bus
182 1762 287 1822 nostris
300 1761 328 1820 in
343 1761 459 1839 epulum
474 1760 604 1838 optulisti
617 1769 684 1840 post
704 1769 732 1821 te
751 1778 866 1840 quoque
882 1760 960 1821 salva
976 1762 1021 1821 sit.
1056 1758 1114 1821 llo·

112 1851 194 1905 nesta
209 1843 396 1923 consultatio,
410 1862 467 1905 non
479 1845 614 1925 expedita
625 1845 773 1905 sententia.
806 1843 947 1906 Numeres
964 1846 1006 1905 rei
1021 1843 1115 1923 publi·

113 1945 165 1988 eae
188 1925 342 1988 summam?
364 1928 520 1988 verendum
535 1938 580 1988 est
594 1947 630 1988 ne
647 1927 794 1988 dilabatur.
819 1927 880 1988 Des
895 1925 1002 2005 agrem?
1018 1937 1048 1987 ut
1063 1947 1115 2006 pu·

70 2011 183 2075 aeolici
206 2010 406 2090 neglegentur.
444 2011 584 2091 Equidem
610 2011 679 2071 nihil
702 2011 876 2072 commodius
894 2013 1010 2072 Invenio
1033 2023 1140 2089 quamn

111 2093 189 2173 quod
203 2097 268 2173 ipse
280 2096 346 2156 leci.
368 2094 439 2156 Nam
453 2113 506 2174 pro
519 2095 681 2173 quingentis
696 2093 807 2154 milibus
823 2111 982 2172 nummum,
1000 2112 1072 2173 quae
1086 2097 1115 2154 in

110 2179 243 2239 alimenta
262 2181 450 2257 ingenuorum
468 2180 708 2258 ingenuarumque
730 2180 932 2257 promiseram,
960 2196 1057 2256 agrum
1079 2197 1116 2238 ex

109 2265 183 2324 meis
198 2262 285 2340 longe
300 2263 389 2341 pluris
404 2265 494 2323 actori
510 2261 626 2341 publico
646 2263 817 2340 mancipavi:
839 2261 960 2323 eundem
980 2263 1115 2340 vectigali

111 2349 239 2426 inposito
253 2349 370 2426 recepi,
388 2349 497 2408 tricena
511 2346 587 2406 milia
601 2364 689 2406 annua
704 2345 827 2407 daturus.
856 2345 911 2406 Per
925 2345 982 2408 boc
997 2349 1071 2408 enim
1086 2354 1140 2408 ete

67 2433 152 2498 osrei
172 2431 306 2511 publicae
328 2434 436 2492 sorsin
457 2439 517 2491 tuto
538 2448 593 2490 nec
616 2430 724 2491 reditus
744 2432 887 2507 incertus,
908 2438 937 2490 et
958 2449 1028 2509 eger
1051 2433 1115 2510 ipse

110 2524 232 2594 propter
248 2515 277 2574 id
299 2515 376 2595 quod
390 2515 516 2592 vectigal
536 2514 615 2592 large
637 2516 813 2592 supercurrit
834 2530 950 2592 semper
964 2514 1114 2590 dominum,

110 2617 206 2684 aquo
228 2609 412 2678 exerceatur,
435 2600 567 2674 InvenIet.
605 2596 667 2658 Nee
691 2599 792 2676 ignoro
817 2616 863 2658 me
884 2597 950 2676 plus
973 2598 1141 2677 aliquantos

110 2701 195 2761 quarn
217 2683 338 2746 donasse
359 2683 461 2744 videor
481 2683 663 2760 erogavisse,
687 2699 750 2742 cum
774 2681 957 2760 pulcberrImi
972 2684 1033 2761 agri
1049 2700 1114 2760 pre·

110 2769 182 2828 tium
196 2769 356 2830 necessitas
371 2766 524 2845 vectigalis
539 2765 696 2843 infregerit.
720 2765 779 2826 Sed
794 2774 909 2843 oportet
925 2765 1043 2844 priuatis
1061 2766 1140 2827 uti-5

65 2850 236 2920 solitatibus
251 2850 393 2930 publicas,
413 2851 578 2911 mortalibus
594 2857 723 2910 aeternas
737 2850 897 2927 anteferre,
912 2849 1058 2929 multoque
1074 2849 1113 2909 di·
1212 2864 1215 2868 ·

109 2933 247 3012 ligentius
261 2937 368 2996 muneri
380 2952 432 2998 suo
449 2934 603 2996 consulere
618 2950 700 3012 quam
714 2933 905 2996 facultatibus.
937 2932 1017 2998 Vale.

555 3066 672 3128 llvllll.

401 3167 428 3223 e.
449 3165 573 3218 nunnius
593 3165 706 3218 Perseo
726 3165 786 3216 suo
806 3165 832 3219 S.

62 3277 98 3333 35
173 3268 262 3346 Angit
278 3287 323 3329 me
344 3268 466 3329 Fanniae
481 3268 624 3329 valetudo.
657 3265 804 3328 Contraxit
820 3267 909 3342 hanc,
926 3265 989 3325 dum
1003 3264 1137 3332 adsidetl

109 3351 208 3412 luniae
221 3355 336 3432 virgini,
352 3363 458 3432 sponte
474 3354 593 3433 primum
609 3354 671 3433 (est
687 3353 760 3412 enim
775 3350 897 3429 adfinis),
914 3349 1018 3412 deinde
1029 3351 1114 3413 etiam

110 3455 147 3496 ex
160 3439 330 3498 auctoritate
350 3439 524 3516 pontificum.
556 3436 627 3497 Nam
641 3438 785 3515 virgines,
814 3453 877 3494 cum
893 3437 921 3494 vi
936 3433 1138 3496 monetarios

108 3519 219 3581 Vestae
245 3530 386 3600 coguntur
412 3523 571 3600 excedere,
595 3531 782 3583 matronarum
804 3537 888 3580 curae
910 3518 1112 3596 custodiaeque
