2580 3970
412 255 677 321 annuutlttctts
691 267 836 324 44.45.46.
1062 259 1124 324 265
1173 333 1175 338 ,

124 429 239 488 somno,
262 409 430 488 frugalitatis
445 409 573 472 luxuriae
588 430 702 472 merces
716 410 812 487 datur,
837 411 937 472 eadem
952 413 1006 474 ista
1017 413 1124 492 'quibus

123 495 196 556 alius
206 494 313 555 artilm
324 493 480 555 adsecutos
488 494 585 555 vident
596 503 811 556 consectantur:
825 495 983 575 qualesque
996 505 1061 557 sunt
1070 495 1124 575 illi,

123 579 197 640 tales
212 596 279 639 esse
295 577 429 640 etvideri
443 577 560 655 volunt,
583 587 614 638 at
627 579 694 640 rlunu
706 577 822 657 volunt,
844 580 921 640 liunt.
958 578 996 640 ltu
1009 581 1122 658 priores
1134 581 1175 642 45

123 662 238 742 ι’ῐιιίιιιιιι
254 663 416 742 principes,
440 672 566 741 excepto
580 671 661 741 patre
674 671 741 739 tuo,
757 673 908 741 practerea
923 680 979 723 uno
993 672 1040 723 ant
1055 662 1125 724 alte·

100 758 175 824 tro,
201 755 232 806 et
249 747 331 806 nimis
352 745 425 822 vlixi,
450 747 528 807 vitiis
548 747 644 824 potius
659 748 763 806 civium
777 763 859 825 qurum
873 747 1023 808 virtutibus
1038 745 1125 806 laeta·

122 831 237 890 tanus:
256 830 392 908 primum,
408 828 487 908 quod
500 831 529 889 in
543 828 599 889 alio
614 847 665 890 suu
679 835 822 909 quemque
835 839 933 896 natura
947 829 1071 890 delectat

123 913 247 991 denique
261 912 338 991 quod
352 914 537 991 patientiores
551 915 696 974 servitutis
710 913 913 976 arbitrabantur
923 919 997 993 quos
1008 931 1066 974 non
1075 912 1125 974 de·

122 1005 204 1057 cerat
220 1013 288 1058 esse
306 997 361 1057 nisi
380 1014 491 1059 servos.
527 995 634 1057 llorurn
652 999 682 1057 in
702 999 793 1058 sinum
813 999 904 1058 omnia
920 997 1124 1075 congerebant,

122 1081 216 1141 bonos
233 1088 329 1140 autem
344 1081 403 1140 otio
417 1098 452 1141 ac
466 1082 522 1140 situ
538 1081 685 1142 abstrusos
701 1089 733 1141 et
751 1083 831 1160 quasi
853 1079 984 1160 sepultos
1000 1082 1125 1140 nonnisi

83 1171 116 1224 10
124 1163 312 1224 delationibus
328 1173 357 1224 et
367 1163 504 1243 periculis
519 1165 546 1223 in
557 1164 778 1224 lucemaodiem
788 1164 982 1244 proterebant.
1004 1163 1047 1223 Tu
1059 1166 1125 1224 anri·

125 1264 177 1308 cos
192 1265 230 1308 ex
244 1248 358 1326 optimis
373 1246 464 1324 legie;
478 1257 509 1308 et
522 1247 648 1308 Hercule
662 1262 784 1328 aequum
799 1257 845 1309 est
862 1267 929 1309 esse
945 1266 997 1308 eos
1013 1249 1125 1308 carissi·

123 1348 185 1392 mcs
201 1331 277 1391 bono
291 1332 413 1410 principi
425 1333 475 1410 qui
485 1333 569 1392 revisi
577 1331 651 1392 malo
664 1331 777 1392 fuerint.
800 1332 876 1410 Scis,
893 1341 923 1392 ut
937 1339 1002 1391 sunt
1013 1331 1125 1391 diversa

124 1414 394 1475 naturadominatio
411 1423 441 1475 et
453 1417 646 1495 principatus,
669 1418 708 1476 ita
726 1432 783 1476 nou
798 1414 859 1475 aliis
882 1431 950 1476 esse
966 1415 1124 1492 principem
1256 1429 1268 1448 ·¹

125 1499 278 1576 gratiorem
301 1513 385 1576 quarn
404 1501 453 1576 qui
474 1499 594 1559 maxime
616 1498 757 1558 dominum
777 1507 938 1576 graventur.
972 1497 1033 1559 llos
1053 1514 1124 1576 ergo

84 1592 116 1645 lc
125 1582 261 1661 provehis
282 1591 312 1644 et
333 1590 458 1642 ostentas
480 1583 560 1660 quasi
580 1584 729 1659 specimen
748 1591 777 1644 et
798 1581 960 1660 exemplar,
987 1599 1060 1661 quae
1074 1579 1124 1642 tibi

124 1675 206 1726 secta
219 1667 305 1742 vitae,
321 1665 399 1745 quod
411 1665 552 1726 hominum
565 1684 658 1744 genua
673 1665 799 1746 placeat;
824 1675 853 1726 et
866 1666 933 1727 ideo
948 1683 1005 1726 non
1023 1682 1126 1726 censu·

123 1766 183 1808 rana
199 1747 308 1826 adhuc,
336 1766 392 1810 uon
407 1749 615 1829 praelectumm
629 1765 739 1810 morum
753 1752 906 1829 recepisti,
930 1751 996 1828 qnia
1009 1749 1060 1808 tilui
1075 1749 1125 1808 be·

124 1833 235 1894 nallciis
246 1833 343 1912 potins
355 1849 438 1912 quarn
449 1832 581 1894 remediis
595 1837 708 1913 ingenia
720 1843 817 1895 nostra
827 1835 950 1913 experiri
961 1831 1064 1910 placet.
1087 1829 1125 1892 llt

124 1914 229 1996 alioqui
250 1917 349 1977 nescio
371 1934 406 1978 an
424 1916 490 1996 plus
510 1918 636 1979 moribus
660 1917 789 1978 oonierat
808 1919 943 1996 princeps
964 1917 1011 1994 qui
1034 1916 1126 1976 bonos

83 2003 194 2062 tocsse
210 2003 315 2078 patitur
335 2017 418 2079 qnam
431 2001 480 2079 qui
499 2002 586 2077 cogit.
626 1999 1002 2080 Flexibilesqnamcnmque
1019 2001 1047 2057 in
1061 2016 1125 2076 par·

118 2092 183 2144 tern
196 2083 351 2144 ducimura
367 2085 497 2163 principe
510 2093 613 2163 atque,
636 2093 668 2144 ut
681 2086 720 2144 ita
734 2084 839 2162 dicam,
866 2100 1007 2162 sequaces
1020 2099 1124 2141 sumus.

124 2165 198 2228 lluic
209 2169 284 2228 enirn
297 2169 373 2247 cari,
388 2167 453 2227 ltuic
468 2167 579 2246 probati
594 2185 663 2230 esee
679 2169 826 2246 cupimus,
849 2165 926 2246 quod
939 2165 1044 2226 frustra
1059 2181 1125 2242 spe-

124 2252 248 2312 raverint
268 2251 434 2320 dissimilem
460 2268 555 2329 eoque
576 2251 705 2330 obsequii
720 2251 928 2311 continuatione
944 2250 1125 2328 pervenimus

125 2344 156 2395 ιιι
173 2351 266 2414 prope
290 2351 389 2397 omnes
410 2335 539 2395 homines
556 2337 639 2395 unius
652 2334 778 2396 moribus
794 2335 931 2394 vivamus.
964 2331 1053 2394 Porro
1069 2349 1126 2393 non

82 2423 182 2479 tctam
199 2421 315 2480 sinistra
337 2421 518 2480 constitutum
532 2428 577 2480 est
595 2428 646 2497 ut,
669 2421 718 2500 qui
734 2417 834 2478 malurn
849 2419 1008 2498 principem
1022 2433 1125 2495 possu-

124 2520 203 2580 mus,
226 2503 330 2562 bonum
343 2519 400 2563 nou
416 2504 559 2582 possimus
574 2504 685 2565 imitari.
718 2502 812 2582 Pergo
831 2501 931 2579 modo,
952 2499 1074 2576 Caesar,
1096 2508 1126 2560 et

124 2588 181 2645 vim
192 2586 385 2665 electumque
401 2605 540 2647 censurae
553 2596 629 2648 ιιιιιιιι
641 2589 835 2668 propositum,
863 2588 904 2646 tui
921 2595 1000 2646 actus
1016 2585 1126 2645 obtine·

125 2670 204 2730 bunt.
222 2668 293 2730 Nam
308 2672 364 2731 vita
378 2672 514 2750 principis
529 2687 650 2732 censura
663 2681 710 2732 est
725 2687 816 2748 eaque
831 2677 985 2748 perpetua:
1002 2666 1037 2726 ud
1053 2666 1126 2726 hano

125 2753 286 2832 dirigimur,
313 2753 348 2814 ad
363 2753 436 2815 hanc
453 2755 659 2830 convertimur,
679 2771 735 2814 nec
750 2763 805 2815 tum
819 2754 939 2830 imperio
953 2752 1037 2810 nobis
1052 2765 1126 2827 opue

80 2841 170 2898 uuest
186 2843 267 2916 quam
284 2837 426 2917 exemplo.
463 2837 579 2918 Quippe
592 2836 714 2898 infidelia
728 2839 801 2899 recti
814 2837 951 2914 magister
965 2844 1010 2896 est
1024 2842 1126 2894 metus.
1145 2835 1154 2848 ‘

124 2919 228 2982 Melius
250 2921 379 2982 homines
394 2921 533 3000 exemplis
549 2921 706 3000 (locentur,
723 2922 838 3002 quaein
854 2919 952 2999 primis
971 2918 1029 2978 lucc
1048 2918 1077 2977 in
1093 2935 1126 2978 se

124 2992 192 3064 boni
207 3003 328 3082 hahent,
345 3004 422 3084 quod
439 3005 597 3084 adprobant
614 3023 688 3084 quae
703 3005 879 3084 praecipiunt
894 3004 955 3063 lieri
968 3019 1066 3082 posse.
1087 2999 1125 3060 llt
1138 2995 1177 3058 46

125 3089 189 3167 quis
206 3097 299 3149 terror
314 3088 452 3150 valuisset
464 3088 583 3149 efficere
599 3089 674 3167 qnoal
691 3089 851 3150 reverentia
866 3088 907 3148 tui
922 3081 1040 3147 eliecit?
1068 3082 1127 3144 on·

123 3172 207 3234 tinnit
221 3169 322 3250 aliquia
337 3182 369 3233 ut
385 3171 581 3252 spectaculum
594 3174 829 3252 pantomimorum
843 3170 968 3250 populns
983 3167 1127 3228 Romanus

79 3264 115 3318 35
124 3254 189 3315 tolli
204 3263 367 3334 pateretur,
383 3257 436 3318 sed
450 3273 508 3317 non
523 3255 642 3317 obtinuit
657 3265 688 3316 ιιι
700 3254 800 3316 vellet
820 3253 949 3332 Rogatus
965 3271 997 3313 es
1009 3260 1040 3312 ιιι
1051 3249 1128 3330 quod

124 3339 249 3417 cogabat
261 3338 348 3417 alius,
366 3342 522 3419 coepitque
535 3357 602 3400 csse
616 3340 785 3400 beneficium
798 3338 876 3417 quod
888 3338 1048 3398 necessitas
1064 3334 1126 3394 luc·

122 3432 175 3484 rat.
197 3421 301 3501 Neque
313 3423 417 3484 eninra
433 3433 462 3484 te
479 3425 588 3484 minore
603 3432 746 3484 concentu
757 3431 788 3483 ιιι
802 3421 922 3483 tolleres
937 3419 1126 3501 pantomimos

122 3523 236 3586 quanta
254 3516 334 3586 patre
353 3515 403 3568 tuo
418 3516 449 3568 ut
462 3508 628 3568 restitueret
637 3514 768 3568 exactum
782 3515 838 3568 est.
860 3505 1015 3583 Utrumque
1029 3507 1126 3561 recte·
