2584 3972
182 261 243 327 leo
608 261 640 323 0.
661 261 759 323 Pulul

155 414 291 494 uAeeepi
307 415 382 477 euim
394 431 457 476 :uon
472 413 566 474 miuus
580 413 718 476 interdum
734 413 885 474 oratorium
902 430 969 473 esse
987 420 1086 472 meere
1099 429 1183 492 quem

182 497 290 575 meere,
301 497 396 577 elque
408 496 480 558 aleo
492 504 593 575 repeto
606 515 652 560 me
663 497 827 576 quibusdem
845 497 945 576 cupitis
958 497 1016 556 reis
1029 495 1078 555 vel
1093 497 1183 573 magis

157 579 295 649 sellentio
315 599 397 660 quam
412 581 540 640 oratioue
561 582 771 642 accuratissima
783 581 937 660 profuisse.
970 577 1062 638 Meter
1078 580 1182 638 amisso

182 663 239 726 lilio
256 665 341 743 (quid
356 665 428 724 euim
444 663 587 743 prohibet,
607 681 771 743 quamquam
785 662 839 724 elia
852 665 925 724 ratio
941 661 1110 725 scribendae
1121 665 1183 741 epi·

181 747 273 809 stolae
288 748 391 825 luerit,
414 746 451 807 (le
472 746 573 808 studiis
595 747 737 826 disputare
744 745 775 826 i)
791 746 911 808 libertos
926 749 988 807 eius
1005 745 1208 823 eosdemque5

182 830 343 906 coheredes
359 847 428 892 suos
447 830 510 891 falsi
528 839 558 890 et
577 832 709 892 venelieii
728 848 797 892 reos
812 830 954 891 detulerat
968 829 1003 889 ad
1025 829 1184 907 prinoipem

157 915 364 994 oiudieemque
379 916 571 992 iupetmueret
587 913 688 976 lulium
703 915 877 976 Seruianum.
908 911 1101 974 Defenderam
1114 929 1183 974 reos

181 1000 290 1078 ingemi
308 999 423 1077 quidem
443 1007 543 1067 ooetu;
570 1009 631 1060 erut
653 999 726 1058 euim
746 1015 830 1058 ceusu
843 999 1006 1074 notissime,
1032 1004 1184 1074 praetereo

181 1084 321 1164 utrimque
338 1083 452 1160 iugeuiu
467 1081 633 1146 olaussima.
665 1081 763 1144 Finem
786 1082 942 1160 cognitioni
957 1081 1087 1158 quaestio
1101 1081 1183 1158 iupo-

138 1180 173 1231 10
182 1167 238 1228 suit
245 1189 253 1236 ;
279 1184 351 1244 muse
371 1165 527 1230 secuudum
547 1182 614 1228 ueos
637 1163 725 1230 deuii.
756 1164 860 1226 Postea
874 1173 969 1226 mater
987 1163 1056 1224 erliit
1071 1165 1225 1241 prinei-10

181 1268 261 1330 pem:
284 1249 438 1314 edlinuuuit
455 1268 488 1310 se
503 1266 592 1314 nores
606 1249 789 1328 probationes
810 1250 963 1310 iuvenisse.
992 1247 1183 1325 l'rueoepmm

182 1343 227 1396 est
249 1333 396 1397 Suburano
417 1341 448 1395 ut
464 1343 585 1396 uocaret
604 1335 711 1394 initum
732 1350 844 1396 oeusmu
863 1333 1043 1407 retractanti,
1070 1333 1095 1391 si
1108 1331 1183 1409 ouil

140 1419 247 1482 lluovi
262 1417 396 1478 adferret
416 1416 618 1480 Adsrumotu
630 1416 721 1482 lulius
736 1417 905 1493 Atriorum,
921 1433 1013 1494 uepos
1027 1415 1182 1476 illiusom·

180 1502 250 1562 toris
272 1517 329 1578 quo
349 1500 445 1560 audito
466 1499 618 1566 Passienus
630 1498 840 1578 'crispusuru
854 1501 958 1577 ibone,
972 1517 1023 1560 -me
1044 1498 1181 1575 Hortulo,

180 1584 270 1643 beue:
293 1583 345 1644 sed
361 1601 417 1662 quo
440 1592 495 1643 tum
512 1581 624 1643 beuel'
645 1583 735 1645 Huius
754 1602 864 1663 nepos,
886 1584 995 1646 iuuenis
1014 1584 1180 1661 ingeniosus
1189 1593 1223 1646 1-5

182 1666 233 1728 sed
244 1684 342 1746 parum
356 1665 491 1744 callidus,
507 1684 570 1726 eum
584 1666 677 1746 multe
686 1668 807 1729 dixisset
820 1668 1052 1744 adsignetumque
1067 1676 1180 1745 tempus

156 1818 167 1836 x
180 1750 339 1830 inplesset,
356 1755 453 1828 ‘rogo'
469 1752 560 1829 iuquit
575 1750 751 1829 ‘Suburano
773 1753 919 1829 permittas
934 1750 1001 1810 milri
1016 1768 1102 1811 uuum
1115 1768 1181 1810 ver·

142 1842 172 1895 12
182 1835 246 1894 bum
261 1835 397 1894 edicere?
420 1833 490 1893 'lum
506 1851 574 1912 ego,
592 1851 654 1894 oum
671 1851 769 1896 omues
783 1853 841 1912 rue,
855 1844 886 1894 ut
900 1835 947 1894 diu
963 1851 1179 1912 responsurum,

181 1920 374 1996 intuerentur,
400 1917 638 1997 ‘respoudlssem'
661 1920 773 1997 loquum
796 1920 834 1982 ‘si
861 1935 945 1981 rmum
969 1917 1039 1978 illul
1059 1918 1182 1980 uerbum

181 2002 331 2064 Alrieuuus
354 2001 524 2078 adieoisset,
546 2002 574 2062 iu
596 2019 653 2081 quo
672 2020 730 2064 uor
752 2001 850 2066 dubito
865 2004 956 2062 omniu
972 2019 1046 2065 uouu
1066 2001 1224 2064 luisse’uu

140 2093 172 2146 13
180 2085 243 2146 Nou
262 2085 349 2148 iaeile
371 2103 417 2147 me
443 2094 546 2164 repeto
566 2095 671 2148 turtum
693 2085 843 2148 adsensum
862 2085 975 2164 egendo
991 2093 1182 2148 eouseoutum

181 2178 312 2249 quantum
326 2179 394 2230 tune
406 2186 464 2231 nor
476 2169 601 2246 egendo.
629 2169 765 2231 Similiter
778 2187 858 2232 uuuo
875 2179 908 2230 et
919 2170 1069 2248 probatum
1078 2178 1115 2230 et
1126 2187 1182 2228 ex·

139 2259 297 2331 lleeptum
315 2253 457 2330 estquod
476 2271 530 2330 pro
551 2253 661 2316 verene
683 2253 820 2316 heoteuus
836 2271 893 2314 uou
909 2255 994 2316 tuoui.
1018 2249 1181 2329 -cmsues,

180 2345 211 2396 ut
224 2335 385 2410 Polyueuus
399 2335 577 2414 postulabat,
598 2339 689 2398 emula
710 2339 820 2416 integro
834 2339 956 2416 puseipi
977 2344 1181 2403 serueueram

181 2420 260 2478 ouius
283 2419 474 2496 coguitionem
494 2435 654 2496 suspensus
677 2430 826 2498 exspecto.
858 2419 929 2482 llum
945 2421 1011 2484 dies
1031 2419 1223 2481 illenobisue
1279 2457 1280 2460 κ

180 2519 233 2580 pre
256 2501 369 2562 Voreuo
396 2509 443 2562 eut
466 2504 646 2563 seeuritutem
668 2511 697 2564 et
714 2505 803 2566 otium
824 2504 901 2566 doluit
920 2514 968 2568 eut
985 2506 1181 2567 intermissum
1279 2487 1280 2571 l

179 2585 306 2648 leltorem
316 2594 454 2646 renouata
468 2584 661 2650 sollieitudine
675 2588 811 2665 iuiuuget.
840 2587 922 2648 Vale.

433 2816 458 2868 o.
478 2816 602 2869 rmuros
621 2719 804 2870 erHuuumo
822 2817 881 2870 suo
902 2817 928 2873 s,
1189 2843 1223 2898 30

157 2927 172 2978 1
241 2916 421 2995 lltproxime
438 2917 536 2978 Prisco
548 2927 647 2978 nostro
666 2927 696 2979 et
711 2937 825 2998 meus,
846 2921 911 2998 quia
924 2921 962 2978 ita
975 2919 1100 2995 iussisti,
1115 2936 1180 2995 gre·

180 3001 233 3062 tius
255 3001 319 3076 egi,
344 2999 533 3063 libentissime
555 3000 677 3080 quidem.
713 3001 767 3064 Est
792 3004 866 3064 euim
884 3003 951 3064 milri
972 3001 1180 3080 periucundum
1278 3029 1279 3032 ¹

180 3083 256 3162 quod
271 3084 324 3142 viri
341 3084 438 3160 optimi
457 3083 584 3162 miliique
603 3087 764 3150 euiuissimi
779 3085 851 3148 adeo
866 3086 1037 3148 eutuesiuis
1051 3093 1088 3144 ut
1107 3086 1179 3144 iuui-
1278 3105 1279 3181 p

152 3175 244 3230 tuem
256 3184 310 3228 ros
322 3166 442 3244 obliget
461 3168 578 3246 putetis.
603 3167 673 3230 Nem
688 3168 738 3230 ille
753 3187 867 3248 quoque
883 3171 1064 3249 praeeipuam
1077 3188 1112 3230 se
1127 3186 1179 3229 vo·

179 3250 314 3328 luptotem
327 3269 367 3312 eu
381 3252 500 3313 emioitis
512 3263 558 3312 tus
574 3270 680 3331 oupere
693 3254 843 3332 profitetur
857 3263 1005 3331 uertetque
1013 3261 1113 3314 tooum
1126 3251 1179 3312 lto·
1187 3261 1222 3316 35

178 3336 340 3398 uestissimo
363 3337 516 3400 oertemiue
536 3347 651 3398 mutuae
673 3339 811 3413 mutuus,
835 3355 921 3415 -quum
942 3338 1040 3416 ipsum
1062 3345 1179 3415 tempus

177 3418 303 3497 augebit.
332 3417 374 3480 Te
389 3420 513 3496 negotiis
525 3419 657 3480 distineri
671 3421 709 3482 olu
725 3420 783 3482 lroe
797 3421 920 3482 moleste
935 3420 1015 3498 lero,
1034 3420 1112 3499 quod
1126 3419 1179 3482 te·
1242 3479 1252 3502 ‚

177 3504 287 3564 servire
303 3502 406 3564 studiis
414 3520 474 3562 uon
486 3511 582 3582 potes.
604 3504 741 3566 Sileneu
751 3503 871 3564 ultorem
886 3504 964 3565 litem
976 3503 1178 3583 periulieem,
