<?xml version="1.0" encoding="UTF-8"?>
<!DOCTYPE html PUBLIC "-//W3C//DTD XHTML 1.0 Transitional//EN"
    "http://www.w3.org/TR/xhtml1/DTD/xhtml1-transitional.dtd">
<html xmlns="http://www.w3.org/1999/xhtml" xml:lang="en" lang="en">
 <head>
  <title>
</title>
<meta http-equiv="Content-Type" content="text/html;charset=utf-8" />
  <meta name='ocr-system' content='tesseract 3.04.00' />
  <meta name='ocr-capabilities' content='ocr_page ocr_carea ocr_par ocr_line ocrx_word'/>
</head>
<body>
  <div class='ocr_page' id='page_1' title='image "./cplinicaecilise05plingoog_0136.png"; bbox 0 0 2584 3972; ppageno 0'>
   <div class='ocr_carea' id='block_1_1' title="bbox 379 254 1124 320">
    <p class='ocr_par' dir='ltr' id='par_1_1' title="bbox 379 254 1124 320">
     <span class='ocr_line' id='line_1_1' title="bbox 379 254 1124 320; baseline 0.004 -3"><span class='ocrx_word' id='word_1_1' title='bbox 379 254 642 318; x_wconf 75' lang='lat' dir='ltr'>EPISTULARUM</span> <span class='ocrx_word' id='word_1_2' title='bbox 655 256 689 317; x_wconf 90' lang='lat' dir='ltr'><strong>V.</strong></span> <span class='ocrx_word' id='word_1_3' title='bbox 709 263 807 320; x_wconf 84' lang='grc'><strong>17.18.</strong></span> <span class='ocrx_word' id='word_1_4' title='bbox 821 266 890 320; x_wconf 89' lang='grc'><strong>19.-</strong></span> <span class='ocrx_word' id='word_1_5' title='bbox 1063 258 1124 320; x_wconf 84' lang='grc'><strong>105</strong></span> 
     </span>
    </p>
   </div>
   <div class='ocr_carea' id='block_1_2' title="bbox 121 369 1151 488">
    <p class='ocr_par' dir='ltr' id='par_1_2' title="bbox 121 369 1151 488">
     <span class='ocr_line' id='line_1_2' title="bbox 121 369 1151 488; baseline 0.004 -18"><span class='ocrx_word' id='word_1_6' title='bbox 121 369 258 488; x_wconf 79' lang='lat' dir='ltr'><strong>Calpurni</strong></span> <span class='ocrx_word' id='word_1_7' title='bbox 277 407 398 469; x_wconf 87' lang='lat' dir='ltr'><strong>Pisonis.</strong></span> <span class='ocrx_word' id='word_1_8' title='bbox 431 407 581 470; x_wconf 78' lang='lat' dir='ltr'><strong>Recitabat</strong></span> <span class='ocrx_word' id='word_1_9' title='bbox 602 408 875 487; x_wconf 74' lang='lat' dir='ltr'><strong>ucrccuapccqscia</strong></span> <span class='ocrx_word' id='word_1_10' title='bbox 895 408 1032 470; x_wconf 88' lang='lat' dir='ltr'><strong>eruditam</strong></span> <span class='ocrx_word' id='word_1_11' title='bbox 1056 428 1151 480; x_wconf 80' lang='lat' dir='ltr'><strong>sacen</strong></span> 
     </span>
    </p>
   </div>
   <div class='ocr_carea' id='block_1_3' title="bbox 78 490 1151 2247">
    <p class='ocr_par' dir='ltr' id='par_1_3' title="bbox 78 490 1151 2247">
     <span class='ocr_line' id='line_1_3' title="bbox 120 490 1124 572; baseline 0.005 -21"><span class='ocrx_word' id='word_1_12' title='bbox 120 491 351 571; x_wconf 61' lang='lat' dir='ltr'><strong>luculentamque</strong></span> <span class='ocrx_word' id='word_1_13' title='bbox 368 491 521 552; x_wconf 85' lang='lat' dir='ltr'><strong>materiam.</strong></span> <span class='ocrx_word' id='word_1_14' title='bbox 555 490 669 572; x_wconf 76' lang='lat' dir='ltr'>Scripta</span> <span class='ocrx_word' id='word_1_15' title='bbox 684 490 777 570; x_wconf 87' lang='lat' dir='ltr'><strong>elegis</strong></span> <span class='ocrx_word' id='word_1_16' title='bbox 792 501 853 553; x_wconf 88' lang='lat' dir='ltr'><strong>erat</strong></span> <span class='ocrx_word' id='word_1_17' title='bbox 869 492 1021 554; x_wconf 84' lang='lat' dir='ltr'><strong>ducatibus</strong></span> <span class='ocrx_word' id='word_1_18' title='bbox 1037 503 1067 556; x_wconf 92' lang='lat' dir='ltr'><strong>et</strong></span> <span class='ocrx_word' id='word_1_19' title='bbox 1083 503 1124 556; x_wconf 91' lang='lat' dir='ltr'><strong>te·</strong></span> 
     </span>
     <span class='ocr_line' id='line_1_4' title="bbox 118 574 1125 656; baseline 0.003 -20"><span class='ocrx_word' id='word_1_20' title='bbox 118 577 199 636; x_wconf 89' lang='lat' dir='ltr'><strong>neris</strong></span> <span class='ocrx_word' id='word_1_21' title='bbox 213 586 243 637; x_wconf 92' lang='lat' dir='ltr'><strong>et</strong></span> <span class='ocrx_word' id='word_1_22' title='bbox 256 574 414 652; x_wconf 85' lang='lat' dir='ltr'><strong>enodibus,</strong></span> <span class='ocrx_word' id='word_1_23' title='bbox 429 574 599 636; x_wconf 74' lang='lat' dir='ltr'><strong>sublimibus</strong></span> <span class='ocrx_word' id='word_1_24' title='bbox 615 578 716 654; x_wconf 88' lang='lat' dir='ltr'><strong>etiam,</strong></span> <span class='ocrx_word' id='word_1_25' title='bbox 734 584 765 636; x_wconf 96' lang='lat' dir='ltr'><strong>ut</strong></span> <span class='ocrx_word' id='word_1_26' title='bbox 780 578 917 654; x_wconf 91' lang='lat' dir='ltr'><strong>poposcit</strong></span> <span class='ocrx_word' id='word_1_27' title='bbox 933 575 1026 637; x_wconf 90' lang='lat' dir='ltr'><strong>locus.</strong></span> <span class='ocrx_word' id='word_1_28' title='bbox 1048 575 1125 656; x_wconf 80' lang='lat' dir='ltr'><strong>Apte</strong></span> 
     </span>
     <span class='ocr_line' id='line_1_5' title="bbox 119 658 1125 722; baseline 0.001 -1"><span class='ocrx_word' id='word_1_29' title='bbox 119 661 197 721; x_wconf 88' lang='lat' dir='ltr'><strong>euim</strong></span> <span class='ocrx_word' id='word_1_30' title='bbox 218 660 345 720; x_wconf 83' lang='lat' dir='ltr'><strong>etruria</strong></span> <span class='ocrx_word' id='word_1_31' title='bbox 365 677 440 720; x_wconf 90' lang='lat' dir='ltr'><strong>nunc</strong></span> <span class='ocrx_word' id='word_1_32' title='bbox 463 658 647 721; x_wconf 74' lang='lat' dir='ltr'><strong>attollebatur</strong></span> <span class='ocrx_word' id='word_1_33' title='bbox 662 677 738 720; x_wconf 88' lang='lat' dir='ltr'><strong>nunc</strong></span> <span class='ocrx_word' id='word_1_34' title='bbox 754 659 914 722; x_wconf 88' lang='lat' dir='ltr'><strong>residebat:</strong></span> <span class='ocrx_word' id='word_1_35' title='bbox 934 660 1053 722; x_wconf 87' lang='lat' dir='ltr'><strong>excelsa</strong></span> <span class='ocrx_word' id='word_1_36' title='bbox 1075 661 1125 722; x_wconf 91' lang='lat' dir='ltr'><strong>de·</strong></span> 
     </span>
     <span class='ocr_line' id='line_1_6' title="bbox 96 741 1124 823; baseline 0.001 -18"><span class='ocrx_word' id='word_1_37' title='bbox 96 745 250 823; x_wconf 76' lang='lat' dir='ltr'><strong>epicuris,</strong></span> <span class='ocrx_word' id='word_1_38' title='bbox 271 741 356 804; x_wconf 81' lang='lat' dir='ltr'><strong>exilia</strong></span> <span class='ocrx_word' id='word_1_39' title='bbox 370 742 479 822; x_wconf 82' lang='lat' dir='ltr'><strong>plenis,</strong></span> <span class='ocrx_word' id='word_1_40' title='bbox 495 745 605 804; x_wconf 84' lang='lat' dir='ltr'><strong>severis</strong></span> <span class='ocrx_word' id='word_1_41' title='bbox 620 743 741 805; x_wconf 83' lang='lat' dir='ltr'><strong>iucunda</strong></span> <span class='ocrx_word' id='word_1_42' title='bbox 755 744 888 822; x_wconf 85' lang='lat' dir='ltr'><strong>mutabat,</strong></span> <span class='ocrx_word' id='word_1_43' title='bbox 904 747 995 805; x_wconf 89' lang='lat' dir='ltr'><strong>omnia</strong></span> <span class='ocrx_word' id='word_1_44' title='bbox 1009 745 1124 822; x_wconf 78' lang='lat' dir='ltr'><strong>iugenio</strong></span> 
     </span>
     <span class='ocr_line' id='line_1_7' title="bbox 118 825 1151 907; baseline 0 -19"><span class='ocrx_word' id='word_1_45' title='bbox 118 828 192 907; x_wconf 91' lang='lat' dir='ltr'><strong>pari.</strong></span> <span class='ocrx_word' id='word_1_46' title='bbox 225 825 445 888; x_wconf 76' lang='lat' dir='ltr'><strong>commendabat</strong></span> <span class='ocrx_word' id='word_1_47' title='bbox 464 826 537 888; x_wconf 89' lang='lat' dir='ltr'><strong>baec</strong></span> <span class='ocrx_word' id='word_1_48' title='bbox 557 844 632 889; x_wconf 82' lang='lat' dir='ltr'><strong>voce</strong></span> <span class='ocrx_word' id='word_1_49' title='bbox 655 828 839 905; x_wconf 85' lang='lat' dir='ltr'><strong>suavissima,</strong></span> <span class='ocrx_word' id='word_1_50' title='bbox 865 845 969 890; x_wconf 86' lang='lat' dir='ltr'><strong>vocem</strong></span> <span class='ocrx_word' id='word_1_51' title='bbox 985 846 1151 901; x_wconf 72' lang='lat' dir='ltr'><strong>verecuma</strong></span> 
     </span>
     <span class='ocr_line' id='line_1_8' title="bbox 119 910 1124 990; baseline 0 -18"><span class='ocrx_word' id='word_1_52' title='bbox 119 910 181 974; x_wconf 87' lang='lat' dir='ltr'><strong>dia:</strong></span> <span class='ocrx_word' id='word_1_53' title='bbox 203 910 321 972; x_wconf 88' lang='lat' dir='ltr'><strong>multum</strong></span> <span class='ocrx_word' id='word_1_54' title='bbox 338 911 500 989; x_wconf 86' lang='lat' dir='ltr'><strong>sauguinis,</strong></span> <span class='ocrx_word' id='word_1_55' title='bbox 527 910 645 972; x_wconf 88' lang='lat' dir='ltr'><strong>multum</strong></span> <span class='ocrx_word' id='word_1_56' title='bbox 664 910 865 972; x_wconf 73' lang='lat' dir='ltr'><strong>sollicitudinis</strong></span> <span class='ocrx_word' id='word_1_57' title='bbox 885 913 913 972; x_wconf 90' lang='lat' dir='ltr'><strong>iu</strong></span> <span class='ocrx_word' id='word_1_58' title='bbox 931 928 999 989; x_wconf 79' lang='lat' dir='ltr'><strong>ore,</strong></span> <span class='ocrx_word' id='word_1_59' title='bbox 1023 930 1124 990; x_wconf 89' lang='lat' dir='ltr'><strong>magna</strong></span> 
     </span>
     <span class='ocr_line' id='line_1_9' title="bbox 119 993 1125 1074; baseline -0.001 -17"><span class='ocrx_word' id='word_1_60' title='bbox 119 1004 283 1057; x_wconf 86' lang='lat' dir='ltr'><strong>omamenta</strong></span> <span class='ocrx_word' id='word_1_61' title='bbox 303 994 458 1056; x_wconf 86' lang='lat' dir='ltr'><strong>recitantis.</strong></span> <span class='ocrx_word' id='word_1_62' title='bbox 491 993 604 1056; x_wconf 78' lang='lat' dir='ltr'><strong>Etenim</strong></span> <span class='ocrx_word' id='word_1_63' title='bbox 618 995 718 1056; x_wconf 87' lang='lat' dir='ltr'><strong>nescio</strong></span> <span class='ocrx_word' id='word_1_64' title='bbox 735 1012 793 1074; x_wconf 92' lang='lat' dir='ltr'><strong>quo</strong></span> <span class='ocrx_word' id='word_1_65' title='bbox 815 1006 901 1073; x_wconf 86' lang='lat' dir='ltr'><strong>pacto</strong></span> <span class='ocrx_word' id='word_1_66' title='bbox 918 998 1008 1074; x_wconf 86' lang='lat' dir='ltr'><strong>magis</strong></span> <span class='ocrx_word' id='word_1_67' title='bbox 1021 996 1051 1056; x_wconf 91' lang='lat' dir='ltr'><strong>in</strong></span> <span class='ocrx_word' id='word_1_68' title='bbox 1065 1005 1125 1056; x_wconf 90' lang='lat' dir='ltr'><strong>stu·</strong></span> 
     </span>
     <span class='ocr_line' id='line_1_10' title="bbox 118 1078 1150 1158; baseline 0.001 -18"><span class='ocrx_word' id='word_1_69' title='bbox 118 1079 173 1140; x_wconf 87' lang='lat' dir='ltr'><strong>dils</strong></span> <span class='ocrx_word' id='word_1_70' title='bbox 188 1079 318 1140; x_wconf 80' lang='lat' dir='ltr'><strong>homiues</strong></span> <span class='ocrx_word' id='word_1_71' title='bbox 336 1079 420 1140; x_wconf 89' lang='lat' dir='ltr'><strong>timor</strong></span> <span class='ocrx_word' id='word_1_72' title='bbox 440 1096 523 1158; x_wconf 89' lang='lat' dir='ltr'><strong>quarn</strong></span> <span class='ocrx_word' id='word_1_73' title='bbox 540 1078 644 1145; x_wconf 86' lang='lat' dir='ltr'><strong>liducia</strong></span> <span class='ocrx_word' id='word_1_74' title='bbox 658 1079 753 1140; x_wconf 86' lang='lat' dir='ltr'><strong>decet.</strong></span> <span class='ocrx_word' id='word_1_75' title='bbox 782 1078 826 1141; x_wconf 89' lang='lat' dir='ltr'><strong>Ne</strong></span> <span class='ocrx_word' id='word_1_76' title='bbox 842 1079 941 1158; x_wconf 78' lang='lat' dir='ltr'><strong>plura,</strong></span> <span class='ocrx_word' id='word_1_77' title='bbox 958 1097 1150 1158; x_wconf 58' lang='lat' dir='ltr'><strong>quemquamne</strong></span> 
     </span>
     <span class='ocr_line' id='line_1_11' title="bbox 80 1162 1123 1244; baseline -0.005 -17"><span class='ocrx_word' id='word_1_78' title='bbox 80 1177 112 1234; x_wconf 83' lang='lat' dir='ltr'><strong>to</strong></span> <span class='ocrx_word' id='word_1_79' title='bbox 118 1163 194 1224; x_wconf 86' lang='lat' dir='ltr'><strong>libet</strong></span> <span class='ocrx_word' id='word_1_80' title='bbox 206 1164 302 1244; x_wconf 87' lang='lat' dir='ltr'><strong>plura,</strong></span> <span class='ocrx_word' id='word_1_81' title='bbox 325 1180 383 1242; x_wconf 91' lang='lat' dir='ltr'><strong>quo</strong></span> <span class='ocrx_word' id='word_1_82' title='bbox 395 1172 462 1225; x_wconf 89' lang='lat' dir='ltr'><strong>sunt</strong></span> <span class='ocrx_word' id='word_1_83' title='bbox 475 1162 639 1242; x_wconf 76' lang='lat' dir='ltr'><strong>pulchriora</strong></span> <span class='ocrx_word' id='word_1_84' title='bbox 653 1162 688 1222; x_wconf 90' lang='lat' dir='ltr'><strong>de</strong></span> <span class='ocrx_word' id='word_1_85' title='bbox 708 1164 829 1241; x_wconf 86' lang='lat' dir='ltr'><strong>iuvene,</strong></span> <span class='ocrx_word' id='word_1_86' title='bbox 853 1165 959 1225; x_wconf 90' lang='lat' dir='ltr'><strong>rariora</strong></span> <span class='ocrx_word' id='word_1_87' title='bbox 972 1163 1009 1224; x_wconf 92' lang='lat' dir='ltr'><strong>de</strong></span> <span class='ocrx_word' id='word_1_88' title='bbox 1023 1162 1123 1240; x_wconf 89' lang='lat' dir='ltr'><strong>nobili,</strong></span> 
     </span>
     <span class='ocr_line' id='line_1_12' title="bbox 117 1245 1124 1327; baseline -0.005 -17"><span class='ocrx_word' id='word_1_89' title='bbox 117 1249 290 1310; x_wconf 74' lang='lat' dir='ltr'><strong>recitatione</strong></span> <span class='ocrx_word' id='word_1_90' title='bbox 300 1247 376 1308; x_wconf 84' lang='lat' dir='ltr'><strong>imita</strong></span> <span class='ocrx_word' id='word_1_91' title='bbox 391 1245 556 1309; x_wconf 82' lang='lat' dir='ltr'><strong>multumao</strong></span> <span class='ocrx_word' id='word_1_92' title='bbox 571 1246 618 1306; x_wconf 93' lang='lat' dir='ltr'><strong>diu</strong></span> <span class='ocrx_word' id='word_1_93' title='bbox 636 1245 820 1307; x_wconf 82' lang='lat' dir='ltr'><strong>exosculatus</strong></span> <span class='ocrx_word' id='word_1_94' title='bbox 831 1246 1057 1326; x_wconf 84' lang='lat' dir='ltr'><strong>adulescentem,</strong></span> <span class='ocrx_word' id='word_1_95' title='bbox 1076 1247 1124 1327; x_wconf 93' lang='lat' dir='ltr'><strong>qui</strong></span> 
     </span>
     <span class='ocr_line' id='line_1_13' title="bbox 119 1329 1125 1409; baseline -0.001 -16"><span class='ocrx_word' id='word_1_96' title='bbox 119 1342 167 1394; x_wconf 90' lang='lat' dir='ltr'><strong>est</strong></span> <span class='ocrx_word' id='word_1_97' title='bbox 187 1333 341 1393; x_wconf 87' lang='lat' dir='ltr'><strong>acerrimus</strong></span> <span class='ocrx_word' id='word_1_98' title='bbox 362 1330 491 1391; x_wconf 65' lang='lat' dir='ltr'><strong>bimulus</strong></span> <span class='ocrx_word' id='word_1_99' title='bbox 510 1330 659 1408; x_wconf 87' lang='lat' dir='ltr'><strong>monendi,</strong></span> <span class='ocrx_word' id='word_1_100' title='bbox 683 1329 813 1392; x_wconf 87' lang='lat' dir='ltr'><strong>laudibus</strong></span> <span class='ocrx_word' id='word_1_101' title='bbox 831 1331 962 1408; x_wconf 87' lang='lat' dir='ltr'><strong>incitari,</strong></span> <span class='ocrx_word' id='word_1_102' title='bbox 987 1338 1125 1409; x_wconf 82' lang='lat' dir='ltr'><strong>pergeret</strong></span> 
     </span>
     <span class='ocr_line' id='line_1_14' title="bbox 119 1413 1125 1496; baseline -0.002 -19"><span class='ocrx_word' id='word_1_103' title='bbox 119 1433 177 1496; x_wconf 89' lang='lat' dir='ltr'><strong>qua</strong></span> <span class='ocrx_word' id='word_1_104' title='bbox 193 1415 342 1496; x_wconf 90' lang='lat' dir='ltr'><strong>coepisset</strong></span> <span class='ocrx_word' id='word_1_105' title='bbox 363 1414 514 1494; x_wconf 84' lang='lat' dir='ltr'><strong>lumenque</strong></span> <span class='ocrx_word' id='word_1_106' title='bbox 535 1414 613 1494; x_wconf 90' lang='lat' dir='ltr'><strong>quod</strong></span> <span class='ocrx_word' id='word_1_107' title='bbox 637 1414 693 1473; x_wconf 90' lang='lat' dir='ltr'><strong>sibi</strong></span> <span class='ocrx_word' id='word_1_108' title='bbox 712 1414 835 1476; x_wconf 87' lang='lat' dir='ltr'><strong>maiores</strong></span> <span class='ocrx_word' id='word_1_109' title='bbox 857 1415 901 1476; x_wconf 91' lang='lat' dir='ltr'><strong>sui</strong></span> <span class='ocrx_word' id='word_1_110' title='bbox 922 1413 1125 1495; x_wconf 78' lang='lat' dir='ltr'><strong>praetulissent</strong></span> 
     </span>
     <span class='ocr_line' id='line_1_15' title="bbox 79 1496 1150 1664; baseline 0.003 -23"><span class='ocrx_word' id='word_1_111' title='bbox 79 1589 110 1641; x_wconf 78' lang='lat'><strong>15</strong></span> <span class='ocrx_word' id='word_1_112' title='bbox 118 1496 709 1661; x_wconf 55' lang='lat' dir='ltr'><strong>taito¹ttlsiittloitllilt</strong></span> <span class='ocrx_word' id='word_1_113' title='bbox 719 1507 924 1644; x_wconf 57' lang='lat' dir='ltr'><strong>ibiibi</strong></span> <span class='ocrx_word' id='word_1_114' title='bbox 934 1505 1049 1664; x_wconf 71' lang='lat' dir='ltr'><strong>itia</strong></span> <span class='ocrx_word' id='word_1_115' title='bbox 1060 1512 1150 1660; x_wconf 59' lang='lat'><strong>{121⁵</strong></span> 
     </span>
     <span class='ocr_line' id='line_1_16' title="bbox 118 1664 1123 1746; baseline 0.001 -20"><span class='ocrx_word' id='word_1_116' title='bbox 118 1667 189 1728; x_wconf 77' lang='lat' dir='ltr'><strong>dam</strong></span> <span class='ocrx_word' id='word_1_117' title='bbox 203 1683 288 1745; x_wconf 90' lang='lat' dir='ltr'><strong>quam</strong></span> <span class='ocrx_word' id='word_1_118' title='bbox 298 1665 349 1726; x_wconf 92' lang='lat' dir='ltr'><strong>ille</strong></span> <span class='ocrx_word' id='word_1_119' title='bbox 363 1664 437 1726; x_wconf 88' lang='lat' dir='ltr'><strong>ulter</strong></span> <span class='ocrx_word' id='word_1_120' title='bbox 450 1665 632 1745; x_wconf 82' lang='lat' dir='ltr'><strong>eloquentiae</strong></span> <span class='ocrx_word' id='word_1_121' title='bbox 646 1666 723 1727; x_wconf 88' lang='lat' dir='ltr'><strong>tulit:</strong></span> <span class='ocrx_word' id='word_1_122' title='bbox 746 1675 802 1728; x_wconf 74' lang='lat' dir='ltr'><strong>mm</strong></span> <span class='ocrx_word' id='word_1_123' title='bbox 821 1667 985 1728; x_wconf 87' lang='lat' dir='ltr'><strong>notabiliter</strong></span> <span class='ocrx_word' id='word_1_124' title='bbox 998 1684 1052 1746; x_wconf 88' lang='lat' dir='ltr'><strong>pro</strong></span> <span class='ocrx_word' id='word_1_125' title='bbox 1068 1666 1123 1727; x_wconf 86' lang='lat' dir='ltr'><strong>ira·</strong></span> 
     </span>
     <span class='ocr_line' id='line_1_17' title="bbox 119 1749 1149 1828; baseline -0.001 -18"><span class='ocrx_word' id='word_1_126' title='bbox 119 1759 164 1810; x_wconf 86' lang='lat' dir='ltr'><strong>tre</strong></span> <span class='ocrx_word' id='word_1_127' title='bbox 186 1752 325 1810; x_wconf 86' lang='lat' dir='ltr'><strong>recitante</strong></span> <span class='ocrx_word' id='word_1_128' title='bbox 345 1751 463 1827; x_wconf 82' lang='lat' dir='ltr'><strong>priunum</strong></span> <span class='ocrx_word' id='word_1_129' title='bbox 484 1760 578 1811; x_wconf 87' lang='lat' dir='ltr'><strong>metus</strong></span> <span class='ocrx_word' id='word_1_130' title='bbox 592 1751 671 1827; x_wconf 86' lang='lat' dir='ltr'><strong>eius,</strong></span> <span class='ocrx_word' id='word_1_131' title='bbox 698 1768 765 1811; x_wconf 85' lang='lat' dir='ltr'><strong>mox</strong></span> <span class='ocrx_word' id='word_1_132' title='bbox 780 1750 912 1828; x_wconf 86' lang='lat' dir='ltr'><strong>gaudium</strong></span> <span class='ocrx_word' id='word_1_133' title='bbox 923 1751 1047 1812; x_wconf 90' lang='lat' dir='ltr'><strong>eminuit.</strong></span> <span class='ocrx_word' id='word_1_134' title='bbox 1077 1749 1149 1817; x_wconf 79' lang='lat' dir='ltr'><strong>lliifi</strong></span> 
     </span>
     <span class='ocr_line' id='line_1_18' title="bbox 118 1832 1123 1912; baseline 0.003 -19"><span class='ocrx_word' id='word_1_135' title='bbox 118 1833 224 1894; x_wconf 88' lang='lat' dir='ltr'><strong>iaciant</strong></span> <span class='ocrx_word' id='word_1_136' title='bbox 239 1842 270 1894; x_wconf 90' lang='lat' dir='ltr'><strong>ut</strong></span> <span class='ocrx_word' id='word_1_137' title='bbox 285 1832 351 1894; x_wconf 88' lang='lat' dir='ltr'><strong>talia</strong></span> <span class='ocrx_word' id='word_1_138' title='bbox 365 1832 416 1894; x_wconf 87' lang='lat' dir='ltr'><strong>tibi</strong></span> <span class='ocrx_word' id='word_1_139' title='bbox 431 1835 546 1912; x_wconf 88' lang='lat' dir='ltr'><strong>saepius</strong></span> <span class='ocrx_word' id='word_1_140' title='bbox 560 1833 700 1894; x_wconf 89' lang='lat' dir='ltr'><strong>nuntiem!</strong></span> <span class='ocrx_word' id='word_1_141' title='bbox 722 1833 818 1895; x_wconf 82' lang='lat' dir='ltr'><strong>Faveo</strong></span> <span class='ocrx_word' id='word_1_142' title='bbox 833 1836 909 1894; x_wconf 90' lang='lat' dir='ltr'><strong>euim</strong></span> <span class='ocrx_word' id='word_1_143' title='bbox 930 1833 1065 1909; x_wconf 88' lang='lat' dir='ltr'><strong>saeculo,</strong></span> <span class='ocrx_word' id='word_1_144' title='bbox 1086 1851 1123 1896; x_wconf 87' lang='lat' dir='ltr'><strong>ne</strong></span> 
     </span>
     <span class='ocr_line' id='line_1_19' title="bbox 119 1915 1124 1997; baseline -0.002 -19"><span class='ocrx_word' id='word_1_145' title='bbox 119 1919 156 1978; x_wconf 86' lang='lat' dir='ltr'><strong>alt</strong></span> <span class='ocrx_word' id='word_1_146' title='bbox 171 1917 273 1978; x_wconf 89' lang='lat' dir='ltr'><strong>sterile</strong></span> <span class='ocrx_word' id='word_1_147' title='bbox 288 1925 318 1978; x_wconf 87' lang='lat' dir='ltr'><strong>et</strong></span> <span class='ocrx_word' id='word_1_148' title='bbox 333 1917 465 1995; x_wconf 77' lang='lat' dir='ltr'><strong>effetum,</strong></span> <span class='ocrx_word' id='word_1_149' title='bbox 482 1919 610 1996; x_wconf 87' lang='lat' dir='ltr'><strong>mireque</strong></span> <span class='ocrx_word' id='word_1_150' title='bbox 626 1919 711 1997; x_wconf 90' lang='lat' dir='ltr'><strong>cupio</strong></span> <span class='ocrx_word' id='word_1_151' title='bbox 726 1937 764 1979; x_wconf 92' lang='lat' dir='ltr'><strong>ne</strong></span> <span class='ocrx_word' id='word_1_152' title='bbox 778 1918 891 1980; x_wconf 89' lang='lat' dir='ltr'><strong>nobiles</strong></span> <span class='ocrx_word' id='word_1_153' title='bbox 904 1920 993 1978; x_wconf 88' lang='lat' dir='ltr'><strong>nostri</strong></span> <span class='ocrx_word' id='word_1_154' title='bbox 1009 1915 1078 1977; x_wconf 91' lang='lat' dir='ltr'><strong>nibil</strong></span> <span class='ocrx_word' id='word_1_155' title='bbox 1095 1917 1124 1976; x_wconf 93' lang='lat' dir='ltr'><strong>in</strong></span> 
     </span>
     <span class='ocr_line' id='line_1_20' title="bbox 78 1999 1124 2081; baseline -0.005 -16"><span class='ocrx_word' id='word_1_156' title='bbox 78 2001 249 2065; x_wconf 72' lang='lat' dir='ltr'><strong>itdomibus</strong></span> <span class='ocrx_word' id='word_1_157' title='bbox 264 2002 324 2060; x_wconf 90' lang='lat' dir='ltr'><strong>suis</strong></span> <span class='ocrx_word' id='word_1_158' title='bbox 336 1999 486 2079; x_wconf 88' lang='lat' dir='ltr'><strong>pulchrum</strong></span> <span class='ocrx_word' id='word_1_159' title='bbox 501 2002 555 2060; x_wconf 90' lang='lat' dir='ltr'><strong>nisi</strong></span> <span class='ocrx_word' id='word_1_160' title='bbox 574 2002 711 2078; x_wconf 75' lang='lat' dir='ltr'><strong>imagines</strong></span> <span class='ocrx_word' id='word_1_161' title='bbox 723 2000 860 2062; x_wconf 73' lang='lat' dir='ltr'><strong>babeantr</strong></span> <span class='ocrx_word' id='word_1_162' title='bbox 880 2020 953 2081; x_wconf 90' lang='lat' dir='ltr'><strong>quae</strong></span> <span class='ocrx_word' id='word_1_163' title='bbox 969 2019 1043 2062; x_wconf 91' lang='lat' dir='ltr'><strong>nunc</strong></span> <span class='ocrx_word' id='word_1_164' title='bbox 1057 2000 1124 2060; x_wconf 92' lang='lat' dir='ltr'><strong>mihi</strong></span> 
     </span>
     <span class='ocr_line' id='line_1_21' title="bbox 116 2083 1124 2163; baseline -0.001 -19"><span class='ocrx_word' id='word_1_165' title='bbox 116 2083 172 2146; x_wconf 86' lang='lat' dir='ltr'><strong>laos</strong></span> <span class='ocrx_word' id='word_1_166' title='bbox 192 2083 395 2146; x_wconf 88' lang='lat' dir='ltr'><strong>adulescentes</strong></span> <span class='ocrx_word' id='word_1_167' title='bbox 414 2087 500 2144; x_wconf 89' lang='lat' dir='ltr'><strong>tacite</strong></span> <span class='ocrx_word' id='word_1_168' title='bbox 521 2084 637 2144; x_wconf 74' lang='lat' dir='ltr'><strong>laudas</strong></span> <span class='ocrx_word' id='word_1_169' title='bbox 653 2083 812 2161; x_wconf 83' lang='lat' dir='ltr'><strong>adhortari,</strong></span> <span class='ocrx_word' id='word_1_170' title='bbox 834 2093 864 2145; x_wconf 92' lang='lat' dir='ltr'><strong>et</strong></span> <span class='ocrx_word' id='word_1_171' title='bbox 882 2085 960 2163; x_wconf 94' lang='lat' dir='ltr'><strong>quod</strong></span> <span class='ocrx_word' id='word_1_172' title='bbox 980 2083 1124 2145; x_wconf 88' lang='lat' dir='ltr'><strong>amborum</strong></span> 
     </span>
     <span class='ocr_line' id='line_1_22' title="bbox 116 2167 971 2247; baseline -0.005 -17"><span class='ocrx_word' id='word_1_173' title='bbox 116 2168 228 2247; x_wconf 73' lang='lat' dir='ltr'><strong>gisum</strong></span> <span class='ocrx_word' id='word_1_174' title='bbox 244 2170 313 2230; x_wconf 88' lang='lat' dir='ltr'><strong>satis</strong></span> <span class='ocrx_word' id='word_1_175' title='bbox 327 2185 457 2246; x_wconf 84' lang='lat' dir='ltr'><strong>magnum</strong></span> <span class='ocrx_word' id='word_1_176' title='bbox 472 2174 529 2246; x_wconf 84' lang='lat' dir='ltr'><strong>est,</strong></span> <span class='ocrx_word' id='word_1_177' title='bbox 544 2183 703 2246; x_wconf 77' lang='lat' dir='ltr'><strong>agnoscere</strong></span> <span class='ocrx_word' id='word_1_178' title='bbox 716 2168 857 2229; x_wconf 82' lang='lat' dir='ltr'><strong>ridentur.</strong></span> <span class='ocrx_word' id='word_1_179' title='bbox 888 2167 971 2230; x_wconf 86' lang='lat' dir='ltr'><strong>Vale.</strong></span> 
     </span>
    </p>
   </div>
   <div class='ocr_carea' id='block_1_4' title="bbox 305 2299 935 2455">
    <p class='ocr_par' dir='ltr' id='par_1_4' title="bbox 305 2299 935 2455">
     <span class='ocr_line' id='line_1_23' title="bbox 568 2299 673 2362; baseline -0.029 0"><span class='ocrx_word' id='word_1_180' title='bbox 568 2299 673 2362; x_wconf 81' lang='lat' dir='ltr'><strong>XVIII.</strong></span> 
     </span>
     <span class='ocr_line' id='line_1_24' title="bbox 305 2398 935 2455; baseline 0.003 -3"><span class='ocrx_word' id='word_1_181' title='bbox 305 2400 333 2455; x_wconf 86' lang='lat' dir='ltr'><strong>o.</strong></span> <span class='ocrx_word' id='word_1_182' title='bbox 355 2398 479 2452; x_wconf 76' lang='lat' dir='ltr'><strong>ramnus</strong></span> <span class='ocrx_word' id='word_1_183' title='bbox 499 2399 679 2452; x_wconf 69' lang='lat' dir='ltr'><strong>emensum</strong></span> <span class='ocrx_word' id='word_1_184' title='bbox 697 2400 809 2452; x_wconf 75' lang='lat' dir='ltr'><strong>mono</strong></span> <span class='ocrx_word' id='word_1_185' title='bbox 829 2399 890 2453; x_wconf 82' lang='lat' dir='ltr'><strong>suo</strong></span> <span class='ocrx_word' id='word_1_186' title='bbox 909 2399 935 2454; x_wconf 83' lang='lat' dir='ltr'><strong>e.</strong></span> 
     </span>
    </p>
   </div>
   <div class='ocr_carea' id='block_1_5' title="bbox 75 2500 1148 3084">
    <p class='ocr_par' dir='ltr' id='par_1_5' title="bbox 116 2500 1148 2831">
     <span class='ocr_line' id='line_1_25' title="bbox 180 2500 1147 2580; baseline 0.003 -19"><span class='ocrx_word' id='word_1_187' title='bbox 180 2501 261 2562; x_wconf 88' lang='lat' dir='ltr'><strong>Bene</strong></span> <span class='ocrx_word' id='word_1_188' title='bbox 281 2511 328 2562; x_wconf 89' lang='lat' dir='ltr'><strong>est</strong></span> <span class='ocrx_word' id='word_1_189' title='bbox 346 2501 429 2579; x_wconf 87' lang='lat' dir='ltr'><strong>mibi,</strong></span> <span class='ocrx_word' id='word_1_190' title='bbox 452 2502 517 2580; x_wconf 89' lang='lat' dir='ltr'><strong>quia</strong></span> <span class='ocrx_word' id='word_1_191' title='bbox 532 2501 583 2562; x_wconf 93' lang='lat' dir='ltr'><strong>tibi</strong></span> <span class='ocrx_word' id='word_1_192' title='bbox 598 2501 671 2562; x_wconf 90' lang='lat' dir='ltr'><strong>bene</strong></span> <span class='ocrx_word' id='word_1_193' title='bbox 687 2510 740 2562; x_wconf 91' lang='lat' dir='ltr'><strong>est.</strong></span> <span class='ocrx_word' id='word_1_194' title='bbox 773 2500 869 2563; x_wconf 90' lang='lat' dir='ltr'><strong>llabes</strong></span> <span class='ocrx_word' id='word_1_195' title='bbox 886 2519 1003 2562; x_wconf 85' lang='lat' dir='ltr'><strong>uxorem</strong></span> <span class='ocrx_word' id='word_1_196' title='bbox 1016 2511 1147 2578; x_wconf 83' lang='lat' dir='ltr'><strong>tecum‚l</strong></span> 
     </span>
     <span class='ocr_line' id='line_1_26' title="bbox 116 2583 1123 2664; baseline -0.001 -18"><span class='ocrx_word' id='word_1_197' title='bbox 116 2584 207 2646; x_wconf 89' lang='lat' dir='ltr'><strong>babes</strong></span> <span class='ocrx_word' id='word_1_198' title='bbox 219 2585 306 2645; x_wconf 84' lang='lat' dir='ltr'><strong>filium</strong></span> <span class='ocrx_word' id='word_1_199' title='bbox 313 2608 320 2655; x_wconf 91' lang='lat'>;</span> <span class='ocrx_word' id='word_1_200' title='bbox 332 2585 435 2645; x_wconf 76' lang='lat' dir='ltr'><strong>fruens</strong></span> <span class='ocrx_word' id='word_1_201' title='bbox 446 2585 525 2662; x_wconf 83' lang='lat' dir='ltr'><strong>mari,</strong></span> <span class='ocrx_word' id='word_1_202' title='bbox 537 2583 674 2663; x_wconf 87' lang='lat' dir='ltr'><strong>lontibus,</strong></span> <span class='ocrx_word' id='word_1_203' title='bbox 688 2585 837 2662; x_wconf 85' lang='lat' dir='ltr'><strong>viridibus,</strong></span> <span class='ocrx_word' id='word_1_204' title='bbox 852 2603 933 2664; x_wconf 86' lang='lat' dir='ltr'><strong>agro,</strong></span> <span class='ocrx_word' id='word_1_205' title='bbox 950 2585 1018 2646; x_wconf 87' lang='lat' dir='ltr'><strong>villa</strong></span> <span class='ocrx_word' id='word_1_206' title='bbox 1028 2602 1123 2645; x_wconf 90' lang='lat' dir='ltr'><strong>amoe-</strong></span> 
     </span>
     <span class='ocr_line' id='line_1_27' title="bbox 117 2666 1122 2749; baseline -0.003 -20"><span class='ocrx_word' id='word_1_207' title='bbox 117 2670 245 2730; x_wconf 81' lang='lat' dir='ltr'><strong>nissima.</strong></span> <span class='ocrx_word' id='word_1_208' title='bbox 275 2667 377 2749; x_wconf 86' lang='lat' dir='ltr'><strong>Neque</strong></span> <span class='ocrx_word' id='word_1_209' title='bbox 398 2669 473 2730; x_wconf 90' lang='lat' dir='ltr'><strong>enim</strong></span> <span class='ocrx_word' id='word_1_210' title='bbox 493 2666 591 2729; x_wconf 92' lang='lat' dir='ltr'><strong>dubito</strong></span> <span class='ocrx_word' id='word_1_211' title='bbox 612 2686 681 2729; x_wconf 87' lang='lat' dir='ltr'><strong>esse</strong></span> <span class='ocrx_word' id='word_1_212' title='bbox 703 2671 944 2746; x_wconf 86' lang='lat' dir='ltr'><strong>amoenissimam,</strong></span> <span class='ocrx_word' id='word_1_213' title='bbox 972 2671 1000 2728; x_wconf 92' lang='lat' dir='ltr'><strong>in</strong></span> <span class='ocrx_word' id='word_1_214' title='bbox 1020 2686 1075 2742; x_wconf 90' lang='lat' dir='ltr'><strong>qua</strong></span> <span class='ocrx_word' id='word_1_215' title='bbox 1089 2686 1122 2726; x_wconf 90' lang='lat' dir='ltr'><strong>sc</strong></span> 
     </span>
     <span class='ocr_line' id='line_1_28' title="bbox 118 2749 1148 2831; baseline 0.002 -19"><span class='ocrx_word' id='word_1_216' title='bbox 118 2761 312 2831; x_wconf 89' lang='lat' dir='ltr'><strong>conposuerat</strong></span> <span class='ocrx_word' id='word_1_217' title='bbox 324 2752 409 2813; x_wconf 88' lang='lat' dir='ltr'><strong>homo</strong></span> <span class='ocrx_word' id='word_1_218' title='bbox 431 2751 545 2812; x_wconf 81' lang='lat' dir='ltr'><strong>felicior</strong></span> <span class='ocrx_word' id='word_1_219' title='bbox 561 2759 625 2811; x_wconf 88' lang='lat' dir='ltr'><strong>aute</strong></span> <span class='ocrx_word' id='word_1_220' title='bbox 648 2769 731 2830; x_wconf 58' lang='lat' dir='ltr'><strong>mam</strong></span> <span class='ocrx_word' id='word_1_221' title='bbox 744 2751 928 2814; x_wconf 83' lang='lat' dir='ltr'><strong>felicissimus</strong></span> <span class='ocrx_word' id='word_1_222' title='bbox 944 2752 1033 2812; x_wconf 83' lang='lat' dir='ltr'><strong>deret.</strong></span> <span class='ocrx_word' id='word_1_223' title='bbox 1057 2749 1148 2827; x_wconf 79' lang='lat' dir='ltr'><strong>Eg02</strong></span> 
     </span>
    </p>

    <p class='ocr_par' dir='ltr' id='par_1_6' title="bbox 75 2832 1123 3084">
     <span class='ocr_line' id='line_1_29' title="bbox 75 2832 1123 2914; baseline -0.004 -18"><span class='ocrx_word' id='word_1_224' title='bbox 75 2836 147 2910; x_wconf 66' lang='lat' dir='ltr'><strong>goin</strong></span> <span class='ocrx_word' id='word_1_225' title='bbox 161 2835 264 2898; x_wconf 80' lang='lat' dir='ltr'><strong>&#39;l&#39;uscis</strong></span> <span class='ocrx_word' id='word_1_226' title='bbox 279 2846 309 2897; x_wconf 91' lang='lat' dir='ltr'><strong>et</strong></span> <span class='ocrx_word' id='word_1_227' title='bbox 323 2853 414 2896; x_wconf 87' lang='lat' dir='ltr'><strong>venor</strong></span> <span class='ocrx_word' id='word_1_228' title='bbox 427 2844 458 2895; x_wconf 90' lang='lat' dir='ltr'><strong>et</strong></span> <span class='ocrx_word' id='word_1_229' title='bbox 469 2833 589 2913; x_wconf 84' lang='lat' dir='ltr'><strong>studeo,</strong></span> <span class='ocrx_word' id='word_1_230' title='bbox 612 2852 686 2914; x_wconf 87' lang='lat' dir='ltr'><strong>quae</strong></span> <span class='ocrx_word' id='word_1_231' title='bbox 699 2835 839 2900; x_wconf 86' lang='lat' dir='ltr'><strong>interdum</strong></span> <span class='ocrx_word' id='word_1_232' title='bbox 852 2834 967 2896; x_wconf 87' lang='lat' dir='ltr'><strong>alternis</strong></span> <span class='ocrx_word' id='word_1_233' title='bbox 984 2832 1123 2895; x_wconf 87' lang='lat' dir='ltr'><strong>interdum</strong></span> 
     </span>
     <span class='ocr_line' id='line_1_30' title="bbox 117 2917 1123 3000; baseline -0.005 -19"><span class='ocrx_word' id='word_1_234' title='bbox 117 2919 203 2981; x_wconf 87' lang='lat' dir='ltr'><strong>simul</strong></span> <span class='ocrx_word' id='word_1_235' title='bbox 224 2918 316 2998; x_wconf 83' lang='lat' dir='ltr'><strong>isoio,</strong></span> <span class='ocrx_word' id='word_1_236' title='bbox 341 2935 397 2980; x_wconf 89' lang='lat' dir='ltr'><strong>nec</strong></span> <span class='ocrx_word' id='word_1_237' title='bbox 417 2928 511 2980; x_wconf 88' lang='lat' dir='ltr'><strong>tamen</strong></span> <span class='ocrx_word' id='word_1_238' title='bbox 531 2918 623 2979; x_wconf 88' lang='lat' dir='ltr'><strong>adbuc</strong></span> <span class='ocrx_word' id='word_1_239' title='bbox 641 2936 761 2998; x_wconf 89' lang='lat' dir='ltr'><strong>possum</strong></span> <span class='ocrx_word' id='word_1_240' title='bbox 779 2921 960 3000; x_wconf 90' lang='lat' dir='ltr'><strong>pronuntiare</strong></span> <span class='ocrx_word' id='word_1_241' title='bbox 978 2927 1070 2979; x_wconf 88' lang='lat' dir='ltr'><strong>utrum</strong></span> <span class='ocrx_word' id='word_1_242' title='bbox 1086 2917 1123 2978; x_wconf 93' lang='lat' dir='ltr'><strong>sit</strong></span> 
     </span>
     <span class='ocr_line' id='line_1_31' title="bbox 118 3000 820 3084; baseline -0.001 -20"><span class='ocrx_word' id='word_1_243' title='bbox 118 3001 264 3066; x_wconf 81' lang='lat' dir='ltr'><strong>difficilius</strong></span> <span class='ocrx_word' id='word_1_244' title='bbox 279 3021 385 3084; x_wconf 87' lang='lat' dir='ltr'><strong>capere</strong></span> <span class='ocrx_word' id='word_1_245' title='bbox 401 3000 506 3081; x_wconf 89' lang='lat' dir='ltr'><strong>aliquid</strong></span> <span class='ocrx_word' id='word_1_246' title='bbox 519 3019 554 3062; x_wconf 89' lang='lat' dir='ltr'><strong>an</strong></span> <span class='ocrx_word' id='word_1_247' title='bbox 569 3004 707 3065; x_wconf 86' lang='lat' dir='ltr'><strong>scribere.</strong></span> <span class='ocrx_word' id='word_1_248' title='bbox 738 3002 820 3064; x_wconf 86' lang='lat' dir='ltr'><strong>Vale.</strong></span> 
     </span>
    </p>
   </div>
   <div class='ocr_carea' id='block_1_6' title="bbox 77 3121 957 3321">
    <p class='ocr_par' dir='ltr' id='par_1_7' title="bbox 77 3121 957 3321">
     <span class='ocr_line' id='line_1_32' title="bbox 560 3121 957 3248; baseline -0.003 -50"><span class='ocrx_word' id='word_1_249' title='bbox 560 3134 680 3198; x_wconf 81' lang='lat' dir='ltr'><strong>XVIIII.</strong></span> <span class='ocrx_word' id='word_1_250' title='bbox 924 3121 957 3248; x_wconf 56' lang='lat' dir='ltr'><strong>&gt;q</strong></span> 
     </span>
     <span class='ocr_line' id='line_1_33' title="bbox 77 3233 850 3321; baseline 0.005 -36"><span class='ocrx_word' id='word_1_251' title='bbox 77 3265 109 3321; x_wconf 63' lang='lat'><strong>35</strong></span> <span class='ocrx_word' id='word_1_252' title='bbox 391 3234 419 3286; x_wconf 74' lang='lat' dir='ltr'><strong>c,</strong></span> <span class='ocrx_word' id='word_1_253' title='bbox 437 3234 563 3286; x_wconf 78' lang='lat' dir='ltr'><strong>unimus</strong></span> <span class='ocrx_word' id='word_1_254' title='bbox 579 3233 720 3286; x_wconf 73' lang='lat' dir='ltr'><strong>recurso</strong></span> <span class='ocrx_word' id='word_1_255' title='bbox 740 3233 801 3286; x_wconf 84' lang='lat' dir='ltr'><strong>suo</strong></span> <span class='ocrx_word' id='word_1_256' title='bbox 822 3234 850 3290; x_wconf 85' lang='lat' dir='ltr'><strong>e.</strong></span> 
     </span>
    </p>
   </div>
   <div class='ocr_carea' id='block_1_7' title="bbox 118 3338 1150 3589">
    <p class='ocr_par' dir='ltr' id='par_1_8' title="bbox 118 3338 1150 3589">
     <span class='ocr_line' id='line_1_34' title="bbox 181 3338 1148 3420; baseline -0.002 -20"><span class='ocrx_word' id='word_1_257' title='bbox 181 3338 275 3401; x_wconf 88' lang='lat' dir='ltr'><strong>Video</strong></span> <span class='ocrx_word' id='word_1_258' title='bbox 292 3357 374 3420; x_wconf 86' lang='lat' dir='ltr'><strong>qaam</strong></span> <span class='ocrx_word' id='word_1_259' title='bbox 383 3339 509 3402; x_wconf 88' lang='lat' dir='ltr'><strong>molliter</strong></span> <span class='ocrx_word' id='word_1_260' title='bbox 522 3349 587 3401; x_wconf 90' lang='lat' dir='ltr'><strong>tuos</strong></span> <span class='ocrx_word' id='word_1_261' title='bbox 601 3341 724 3402; x_wconf 87' lang='lat' dir='ltr'><strong>babeas:</strong></span> <span class='ocrx_word' id='word_1_262' title='bbox 740 3357 797 3419; x_wconf 93' lang='lat' dir='ltr'><strong>quo</strong></span> <span class='ocrx_word' id='word_1_263' title='bbox 814 3339 971 3418; x_wconf 87' lang='lat' dir='ltr'><strong>simplicius</strong></span> <span class='ocrx_word' id='word_1_264' title='bbox 986 3338 1037 3399; x_wconf 92' lang='lat' dir='ltr'><strong>tibi</strong></span> <span class='ocrx_word' id='word_1_265' title='bbox 1056 3353 1148 3406; x_wconf 91' lang='lat' dir='ltr'><strong>con-1</strong></span> 
     </span>
     <span class='ocr_line' id='line_1_35' title="bbox 119 3421 1150 3503; baseline 0.001 -17"><span class='ocrx_word' id='word_1_266' title='bbox 119 3423 224 3486; x_wconf 87' lang='lat' dir='ltr'><strong>litebor</strong></span> <span class='ocrx_word' id='word_1_267' title='bbox 234 3441 290 3503; x_wconf 89' lang='lat' dir='ltr'><strong>qua</strong></span> <span class='ocrx_word' id='word_1_268' title='bbox 304 3423 478 3502; x_wconf 86' lang='lat' dir='ltr'><strong>indulgentis</strong></span> <span class='ocrx_word' id='word_1_269' title='bbox 491 3440 571 3485; x_wconf 91' lang='lat' dir='ltr'><strong>meos</strong></span> <span class='ocrx_word' id='word_1_270' title='bbox 586 3434 712 3487; x_wconf 89' lang='lat' dir='ltr'><strong>tractem.</strong></span> <span class='ocrx_word' id='word_1_271' title='bbox 744 3423 799 3485; x_wconf 86' lang='lat' dir='ltr'><strong>Est</strong></span> <span class='ocrx_word' id='word_1_272' title='bbox 817 3423 1013 3501; x_wconf 82' lang='lat' dir='ltr'><strong>milrisemper</strong></span> <span class='ocrx_word' id='word_1_273' title='bbox 1025 3421 1054 3482; x_wconf 90' lang='lat' dir='ltr'><strong>in</strong></span> <span class='ocrx_word' id='word_1_274' title='bbox 1067 3425 1150 3487; x_wconf 79' lang='lat' dir='ltr'><strong>ani-t</strong></span> 
     </span>
     <span class='ocr_line' id='line_1_36' title="bbox 118 3493 1121 3589; baseline -0.003 -22"><span class='ocrx_word' id='word_1_275' title='bbox 118 3524 165 3568; x_wconf 85' lang='lat' dir='ltr'><strong>nuo</strong></span> <span class='ocrx_word' id='word_1_276' title='bbox 179 3517 211 3570; x_wconf 89' lang='lat' dir='ltr'><strong>el</strong></span> <span class='ocrx_word' id='word_1_277' title='bbox 229 3505 412 3570; x_wconf 88' lang='lat' dir='ltr'><strong>Homericum</strong></span> <span class='ocrx_word' id='word_1_278' title='bbox 428 3507 497 3569; x_wconf 91' lang='lat' dir='ltr'><strong>illud</strong></span> <span class='ocrx_word' id='word_1_279' title='bbox 518 3501 626 3589; x_wconf 81' lang='grc' dir='ltr'><strong><em>πατὴρ</em></strong></span> <span class='ocrx_word' id='word_1_280' title='bbox 643 3499 676 3568; x_wconf 85' lang='lat' dir='ltr'><strong>d&#39;</strong></span> <span class='ocrx_word' id='word_1_281' title='bbox 698 3497 743 3581; x_wconf 63' lang='lat' dir='ltr'><strong>aie</strong></span> <span class='ocrx_word' id='word_1_282' title='bbox 758 3498 857 3587; x_wconf 77' lang='grc' dir='ltr'><em>ἤπιος</em></span> <span class='ocrx_word' id='word_1_283' title='bbox 872 3493 933 3586; x_wconf 78' lang='grc' dir='ltr'><strong>ἦεν</strong></span> <span class='ocrx_word' id='word_1_284' title='bbox 953 3515 982 3566; x_wconf 90' lang='lat' dir='ltr'><strong>et</strong></span> <span class='ocrx_word' id='word_1_285' title='bbox 998 3505 1055 3565; x_wconf 87' lang='lat' dir='ltr'><strong>lroc</strong></span> <span class='ocrx_word' id='word_1_286' title='bbox 1070 3521 1121 3564; x_wconf 92' lang='lat' dir='ltr'><strong>no·</strong></span> 
     </span>
    </p>
   </div>
   <div class='ocr_carea' id='block_1_8' title="bbox 74 2436 109 2489">
    <p class='ocr_par' dir='ltr' id='par_1_9' title="bbox 74 2436 109 2489">
     <span class='ocr_line' id='line_1_37' title="bbox 74 2436 109 2489; baseline 0 0"><span class='ocrx_word' id='word_1_287' title='bbox 74 2436 109 2489; x_wconf 72' lang='lat'><strong>25</strong></span> 
     </span>
    </p>
   </div>
   <div class='ocr_carea' id='block_1_9' title="bbox 0 0 1296 3972">
    <p class='ocr_par' dir='ltr' id='par_1_10' title="bbox 0 0 1296 3972">
     <span class='ocr_line' id='line_1_38' title="bbox 0 0 1296 3972; baseline 0 0"><span class='ocrx_word' id='word_1_288' title='bbox 0 0 1296 3972; x_wconf 95' lang='lat' dir='ltr'><strong> </strong></span> 
     </span>
    </p>
   </div>
  </div>
 </body>
</html>
