2580 3978
171 237 213 300 54
597 235 629 297 (l.
651 235 751 298 l'blNl

170 397 223 448 tur.
246 386 387 467 Hispanus
402 398 431 449 et
445 387 554 450 Probus
569 391 597 449 in
609 391 826 470 quinquennium
839 391 969 469 relegati.
989 391 1071 453 Adeo
1082 411 1174 470 grave

129 480 163 536 18
170 475 261 531 visum
277 481 321 533 est
338 472 413 552 quod
430 474 507 533 initio
521 473 697 535 dubitabatur
708 493 743 535 an
754 476 865 535 omuino
878 478 983 536 crimen
994 486 1081 537 esset.
1105 476 1174 538 Post

171 573 279 634 paucos
296 556 357 617 dies
370 554 515 618 Claudium
526 556 660 636 Fuscum,
678 555 800 622 Classici
811 577 959 638 generum,
979 570 1007 620 et
1023 560 1173 621 Stilonium

170 637 312 719 Priscum,
339 642 386 720 qui
407 641 534 702 tribuous
549 643 676 703 cohortis
693 642 746 704 sub
762 640 891 704 Classico
908 643 1009 722 luerat,
1025 647 1173 706 accusavi·
1284 667 1285 670 ¹

170 740 243 803 mus,
261 723 365 802 dispari
381 734 498 803 eventu:
514 724 613 788 Prisco
629 729 657 786 in
672 727 813 788 biennium
827 726 907 788 ltalia
918 727 1105 804 interdictum,
1122 729 1199 794 als-s

129 816 162 872 19
171 807 281 868 solutus
297 817 342 868 est
357 807 476 871 Fuscus.
510 809 632 872 Aetione
647 813 729 872 tertia
744 811 1000 874 commodissimum
1013 815 1174 893 putavimus

171 890 269 970 plures
285 908 482 972 congregare,
497 911 550 972 ne,
568 897 592 954 si
608 893 720 972 lougius
736 905 815 956 esset
833 905 959 958 extracta
974 899 1110 975 cognitio,
1129 914 1172 960 sa·

169 976 267 1036 tietate
284 985 313 1035 et
334 976 428 1037 taedio
451 978 571 1057 quodam
591 980 695 1038 iustitia
719 982 953 1057 cognoscentium
975 983 1172 1061 severitasque
1285 1006 1286 1076 q

169 1057 385 1136 languesceret;
400 1070 428 1121 et
441 1061 546 1141 alioqui
558 1072 726 1141 supereraut
739 1065 860 1126 minores
872 1066 914 1124 rei
926 1064 989 1126 data
999 1082 1087 1143 opera
1096 1066 1172 1125 huuc
1285 1083 1286 1104 t

168 1143 196 1202 iu
211 1141 306 1204 locum
320 1148 475 1223 reservati,
498 1156 620 1227 excepta
635 1155 726 1207 tamen
744 1144 864 1208 Classici
879 1165 985 1226 uxore,
1009 1167 1081 1228 quae
1098 1152 1172 1210 sicut
1182 1167 1215 1220 lo

168 1224 294 1304 inplicita
309 1230 514 1308 suspitionibus
529 1232 566 1292 ita
582 1249 637 1292 uon
653 1233 720 1292 satis
737 1233 868 1292 convinci
886 1233 1098 1311 probationibus
1111 1235 1173 1293 visa

126 1319 222 1378 noest.
253 1309 324 1373 Nam
344 1311 467 1375 Classici
482 1313 553 1391 lilia,
578 1333 651 1394 quae
673 1325 702 1376 et
723 1317 784 1393 ipsa
805 1317 880 1376 iuter
893 1334 961 1377 reos
977 1325 1051 1393 erat,
1072 1335 1108 1376 ne
1125 1335 1172 1376 su·

168 1395 339 1473 spitionibus
360 1398 474 1478 quidem
494 1399 639 1460 haerebat.
678 1397 776 1478 ltaque
797 1418 859 1460 cum
881 1400 916 1460 ad
937 1418 1040 1460 nomen
1062 1402 1123 1462 eius
1143 1403 1172 1460 iu

168 1486 294 1539 exmema
307 1483 422 1541 actione
438 1484 597 1558 venissem,
621 1483 728 1562 (neque
747 1484 821 1544 euim
840 1493 871 1544 ut
891 1485 971 1546 initio
986 1486 1029 1545 sic
1045 1485 1129 1545 etiam
1143 1486 1172 1542 iu

167 1562 223 1621 liae
237 1563 393 1624 verendum
413 1575 473 1626 erat
493 1584 530 1626 ue
552 1584 605 1645 per
624 1566 680 1627 hoc
701 1569 787 1628 totius
807 1569 995 1628 accusationis
1017 1569 1170 1628 auctoritas
1181 1577 1214 1630 15
1286 1609 1287 1648 i

167 1647 356 1727 minueretur)
371 1648 600 1710 honestissimum
621 1649 728 1710 credidi
750 1668 806 1712 noa
826 1671 959 1731 premere
974 1655 1170 1728 inmerentem,
1286 1691 1287 1700 u

125 1739 158 1792 21
167 1731 254 1809 idque
268 1730 360 1810 ipsum
381 1732 438 1793 dixi
460 1742 489 1794 et
510 1733 600 1795 libere
617 1744 646 1796 et
660 1736 747 1795 varie.
771 1734 842 1796 Nam
856 1735 941 1798 modo
957 1735 1070 1815 legatos
1084 1736 1172 1796 iuter·

166 1815 302 1894 rogabam
317 1816 519 1879 docuissentne
540 1836 585 1879 me
608 1818 714 1897 aliquid
729 1819 806 1899 quod
821 1838 852 1879 re
868 1821 983 1901 probari
999 1838 1086 1899 posse
1102 1837 1171 1879 con-

163 1899 302 1978 fiderent,
326 1902 410 1962 modo
433 1902 580 1963 consilium
601 1921 618 1962 a
637 1913 736 1964 senatu
752 1903 884 1982 petebam
899 1914 1047 1984 putaretne
1062 1903 1171 1964 debere

152 2003 227 2062 une,
244 1986 269 2046 si
284 2004 366 2065 quam
381 1987 514 2050 haberem
529 1988 556 2047 in
571 1987 691 2048 dicendo
707 1987 885 2065 facultatem,
907 1989 935 2048 in
949 1989 1075 2066 iugulum
1090 1988 1169 2047 inno·
1179 2003 1215 2056 bo

164 2070 257 2131 centis
279 2072 359 2150 quasi
382 2072 469 2135 telum
490 2070 605 2151 aliquod
622 2070 785 2140 intendere;
807 2081 953 2151 postremo
968 2082 1057 2134 totum
1073 2071 1170 2132 locum

161 2154 222 2215 lucc
243 2155 297 2218 lane
313 2156 441 2218 conclusi
462 2155 551 2218 ‘dicet
572 2155 674 2235 aliquis
695 2154 808 2216 ludices
830 2152 922 2232 ergo?
944 2172 1000 2234 ego
1022 2172 1171 2216 veronen

124 2240 272 2319 abiudico,
289 2243 400 2302 memini
415 2249 508 2302 tamen
523 2259 567 2300 me
583 2239 751 2300 advocatum
766 2258 805 2300 ex
819 2239 958 2300 iudicibus
973 2239 1087 2300 daturo!
1116 2238 1170 2298 llic

167 2325 415 2387 numerosissimae
427 2342 529 2384 causae
542 2324 676 2385 terminus
687 2323 751 2401 luit,
764 2321 931 2401 quibusdam
941 2323 1090 2398 absolutis,
1106 2322 1170 2400 plu·

166 2409 244 2470 ribus
260 2409 394 2470 damnatis
414 2417 499 2487 atquc
516 2409 599 2468 ctiam
619 2406 772 2484 relegatis,
795 2406 857 2467 aliis
880 2409 907 2467 iu
928 2415 1039 2486 tempus
1061 2406 1123 2466 aliis
1140 2407 1212 2468 in25

124 2501 347 2572 asperpetuum.
376 2490 486 2552 Eodem
508 2490 769 2553 senatusconsulto
789 2489 924 2551 industria
945 2490 1015 2550 lides
1038 2498 1169 2550 constan·

167 2577 205 2638 tia
217 2584 313 2637 nostra
327 2575 494 2655 plenissimo
509 2576 669 2636 testimonio
683 2575 857 2654 conprobata
867 2584 923 2651 est,
940 2575 1053 2652 dignum
1063 2573 1170 2633 solum·

124 2668 160 2724 ad
169 2679 225 2741 que
240 2677 291 2739 par
305 2661 426 2738 pretium
440 2660 508 2721 tanti
519 2659 633 2720 laboris.
657 2656 820 2737 Concipere
833 2659 924 2718 animo
939 2667 1022 2738 potes
1036 2675 1118 2736 quam
1131 2656 1170 2714 si·

167 2763 229 2806 mus
244 2745 363 2823 fatigati,
380 2744 482 2824 quibus
498 2744 602 2806 totiens
617 2741 767 2820 agendum,
785 2743 891 2803 totiens
904 2740 1104 2816 altercandum,
1113 2750 1171 2816 tam

124 2838 159 2894 25
169 2829 249 2889 multi
263 2838 354 2890 testes
369 2827 560 2906 interrogandi
581 2825 748 2887 sublevandi
769 2825 917 2886 refutandi.
947 2824 1004 2886 lam
1019 2824 1067 2884 illa
1086 2838 1215 2903 quarnao

164 2913 265 2990 ardua,
279 2931 361 2992 quam
375 2911 506 2988 molesta,
526 2919 688 2970 tetreorum
698 2910 796 2970 amieis
811 2903 926 2971 secreto
939 2909 1104 2987 rogantibus
1120 2927 1170 2968 ne·

165 3015 250 3076 gare,
266 2995 481 3057 adversantibus
493 2994 585 3074 palam
598 2993 754 3055 obsistere!
770 2993 904 3053 lleleram
916 3011 999 3054 uuum
1012 2990 1119 3071 aliquid
1133 3009 1171 3050 ex

120 3115 124 3121 ·
168 3083 285 3159 iisquae
297 3080 363 3142 dixi.
383 3077 453 3140 Cum
466 3078 531 3138 mihi
544 3077 656 3157 quidam
668 3095 685 3136 e
696 3075 836 3138 iudicibus
848 3076 919 3156 ipsis
933 3095 982 3156 pro
998 3092 1048 3136 reo
1064 3075 1171 3152 gratio·

170 3166 283 3225 sissimo
298 3163 495 3239 reclamarent,
512 3168 579 3222 ‘uon
595 3161 696 3222 minus'
712 3161 823 3240 iuquam
840 3161 898 3220 ‘bic
912 3162 1048 3221 innocens
1064 3159 1128 3234 erit,
1145 3159 1171 3218 si

127 3257 227 3327 fldego
243 3249 334 3309 omnia
355 3246 476 3308 dixero?
500 3243 682 3307 Coniectabis
698 3263 737 3304 ex
755 3245 810 3304 boc
826 3254 943 3323 quantas
959 3243 1167 3319 contentiones,
1179 3250 1216 3306 3³

171 3341 286 3413 quantas
302 3333 385 3393 etiam
400 3331 523 3392 ollensas
536 3331 717 3405 subierimus,
733 3329 873 3389 dumtaxat
887 3327 923 3388 ad
938 3329 1026 3390 breve
1041 3336 1170 3406 tempus:

170 3435 233 3478 nam
249 3417 319 3478 lides
334 3417 362 3476 in
377 3416 537 3497 praeseutia
553 3433 604 3477 eos
620 3415 722 3492 quibus
736 3413 843 3472 resistit
860 3411 992 3489 ollandit,
1015 3409 1118 3471 deinde
1133 3409 1170 3470 ab

170 3499 227 3561 illis
249 3502 319 3581 ipsis
340 3501 494 3580 suspicitur
515 3497 708 3577 laudaturque.
739 3494 804 3555 Non
820 3497 899 3574 potui
918 3496 1008 3574 magis
1023 3503 1051 3554 te
1067 3495 1095 3554 in
1109 3511 1172 3554 rem
