2604 3972
377 248 637 311 EPISTULARUM
652 248 729 310 Vlll.
748 260 792 312 20.
809 261 853 312 21.
1053 247 1114 311 171

120 401 209 480 Saepe
228 399 353 464 minores
373 401 525 463 maioribus
549 399 628 462 velut
651 401 799 461 cumbulae
821 403 958 462 onerariis
980 401 1141 462 adhaere-l

120 493 213 561 scunt,
235 502 323 562 saepe
344 486 417 545 inter
437 504 470 546 se
486 485 608 546 maiores
623 485 805 563 minoresque
825 487 904 562 quasi
923 502 1036 545 cursum
1051 501 1113 545 cer·

118 575 261 646 omenque
275 567 440 639 desumunt;
455 585 552 629 rursus
567 585 666 630 omnes
681 571 709 628 11
725 567 846 628 eundem
857 567 953 628 locum
965 566 1112 647 adpulsae,

119 668 169 729 qtra
184 659 323 711 stetemnt
337 659 505 730 promovent
519 660 632 729 terram,
648 661 678 712 et
691 651 775 712 modo
790 651 843 712 bac
856 653 941 712 modo
956 650 1005 711 illa
1020 649 1114 710 lacum

94 733 233 795 treddunt
251 735 453 814 auferentque;
474 752 509 794 ac
528 743 587 795 tum
607 735 736 813 demum,
759 753 823 796 cum
839 735 962 796 medium
981 744 1112 811 tenuere,

117 834 170 876 non
186 818 360 879 contrahunt.
390 817 507 880 Constat
524 836 631 898 pecora
652 819 757 880 herbas
777 828 877 879 secuta
897 821 939 882 sic
958 819 987 878 in
1007 816 1141 880 insulas&

116 900 178 960 illas
190 911 219 961 11
239 903 267 961 11
283 912 437 963 extremam
450 903 539 980 ripam
559 903 721 982 procedere
738 901 835 963 solere
856 921 911 963 nec
932 904 1010 982 prius
1030 900 1114 962 intel·

117 982 212 1060 legere
226 985 332 1047 mobile
350 985 458 1063 solum,
475 1003 557 1065 quam
571 985 647 1046 litori
661 987 778 1064 abrepta
796 987 876 1064 quasi
891 985 976 1046 inlata
989 995 1019 1046 et
1031 985 1113 1063 inpo-

117 1067 168 1131 sita
181 1069 380 1130 circumfusum
390 1069 514 1148 undique
528 1068 621 1130 lacum
635 1078 770 1150 paveant;
782 1086 849 1129 mox
860 1086 917 1148 quo
933 1069 1031 1130 tulerit
1044 1085 1113 1128 ven·

81 1159 159 1214 lotus
170 1169 299 1231 egressa,
313 1169 369 1213 non
383 1153 473 1230 magis
489 1170 521 1213 se
536 1153 723 1214 descendisse
737 1153 857 1230 sentire,
872 1170 954 1231 quam
970 1153 1113 1214 senserint

117 1237 288 1298 ascendisse.
317 1235 397 1297 Idem
411 1236 490 1296 lacus
504 1238 533 1296 in
547 1236 650 1296 flumen
667 1238 809 1316 egeritur,
825 1235 918 1314 quod,
934 1237 982 1296 ubi
997 1255 1029 1296 se
1044 1241 1140 1315 pau-9

117 1316 201 1398 lisper
215 1319 308 1381 oculis
324 1319 412 1398 dedit,
431 1336 522 1398 specu
536 1321 673 1397 mergitur
687 1319 804 1398 alteque
820 1317 962 1379 conditum
976 1327 1062 1396 meat,
1078 1335 1112 1378 ac

117 1402 232 1482 siquid,
255 1413 405 1483 antequam
425 1402 647 1481 subduceretur,
673 1405 804 1482 accepit,
831 1411 927 1464 servat
946 1412 975 1463 et
992 1401 1111 1483 profert.

116 1482 190 1546 llaec
204 1487 254 1548 tibi
271 1487 391 1566 scripsi,
412 1489 476 1564 quia
495 1503 550 1548 nec
564 1487 655 1547 minus
670 1489 767 1565 ignota
779 1504 861 1567 quam
873 1486 940 1547 milri
954 1505 1009 1546 nec
1021 1487 1111 1545 minus
1122 1493 1155 1546 1⁰

81 1580 110 1632 15
117 1579 190 1644 gmta
202 1569 365 1632 credebam.
386 1569 457 1631 Nam
471 1578 500 1630 te
517 1588 649 1651 quoque,
666 1581 696 1632 ut
714 1588 776 1648 me,
792 1570 860 1632 nihil
876 1588 969 1650 aeque
984 1587 1018 1631 ac
1035 1577 1113 1630 natu-

117 1668 161 1713 rae
173 1671 260 1732 opera
273 1652 423 1714 delectant.
452 1653 533 1716 Vale.

572 1785 649 1848 xxl.

386 1883 412 1936 o.
432 1883 719 1937 11111111111111
738 1886 799 1938 suo
818 1885 844 1936 s.

81 1988 111 2042 10
174 1985 259 2046 Utin
282 1987 339 2047 vita
359 1988 402 2048 sic
424 1988 453 2046 in
475 1987 574 2048 studiis
594 1986 814 2066 pulcherrimum
835 1995 865 2047 et
885 1985 1137 2046 humanissimuml

117 2070 240 2130 existimo
260 2071 442 2130 severitatem
457 2073 674 2148 comitatemque
695 2072 834 2148 11111111,
855 2088 892 2129 11
910 2067 959 2128 illa
979 2069 1007 2127 in
1028 2069 1113 2129 tristi·

116 2153 192 2233 iam,
213 2153 288 2214 lraec
307 2155 335 2213 in
356 2153 536 2232 petulantiam
555 2152 684 2214 excedat.
717 2152 778 2226 Qua
788 2154 897 2214 ratione
914 2153 1032 2229 ductus,
1048 2160 1138 2230 gra-i

116 2237 190 2297 viora
212 2255 302 2317 opera
323 2236 433 2298 lusibus
454 2239 585 2316 iocisque
605 2235 757 2315 distinguo.
789 2235 834 2298 Ad
853 2236 907 2297 hos
922 2235 1112 2315 proferendos

117 2328 144 2378 et
163 2328 277 2400 tempus
292 2329 322 2381 et
341 2320 437 2382 locum
458 2321 725 2401 opportunissimum
746 2319 838 2399 elegi;
865 2329 953 2398 utque
969 2319 1024 2380 iam
1038 2337 1112 2379 nunc

82 2401 317 2465 ttadsuescerent
337 2405 411 2466 etab
435 2405 534 2467 otiosis
550 2405 622 2466 etin
642 2405 764 2466 triclinio
781 2403 886 2482 audiri,
908 2401 980 2463 lulio
1000 2421 1112 2480 mense,

117 2503 168 2563 quo
179 2489 299 2548 maxime
315 2488 380 2551 lites
396 2489 637 2569 interquiescuat,
664 2489 766 2567 positis
781 2498 846 2548 ante
860 2487 954 2548 lectos
970 2485 1112 2548 cathedris

116 2572 217 2633 amicos
230 2571 382 2632 collocavi.
404 2571 490 2633 Forte
505 2571 609 2632 accidit
627 2579 657 2631 ut
676 2571 778 2632 eodem
793 2573 839 2632 die
852 2589 933 2633 mane
947 2571 976 2629 11
991 2570 1138 2649 advoca-3

118 2653 217 2714 tionem
238 2655 360 2716 subitam
379 2672 513 2732 rogarer,
534 2655 612 2733 quod
626 2655 693 2715 mihi
709 2673 822 2716 causam
839 2652 1046 2733 praeloquendi
1063 2652 1112 2712 de·

118 2733 162 2796 dit.
190 2738 258 2798 Sum
274 2739 348 2799 enim
369 2739 539 2817 deprecatus
556 2757 592 2798 11
609 2741 671 2818 quis
688 2747 718 2798 ut
732 2739 941 2799 inreverentem
956 2737 1054 2815 operis
1069 2754 1112 2795 ar-

82 2821 227 2900 deguerat,
240 2821 318 2902 quod
327 2824 508 2900 recitaturus,
525 2839 690 2901 quamquam
705 2831 734 2883 ct
745 2822 842 2882 amicis
856 2829 886 2882 11
900 2821 1010 2900 paucis,
1026 2820 1054 2879 id
1069 2829 1113 2880 est

117 2903 214 2964 iterum
227 2907 342 2984 amicis,
355 2906 419 2966 foro
433 2914 462 2966 et
475 2907 599 2984 negotiis
611 2924 667 2966 non
680 2907 888 2973 abstinuissem.
919 2902 1024 2964 Addidi
1038 2903 1114 2964 hunc

118 2986 240 3049 ordinem
262 3008 308 3050 me
331 2992 359 3050 in
381 2989 532 3051 scribendo
550 2990 633 3069 sequi
653 3000 683 3051 ut
703 2991 893 3053 necessitates
908 2987 1111 3068 voluptatibus,

118 3072 189 3131 seria
201 3073 331 3134 iucundis
344 3073 532 3152 anteferrem,
549 3091 582 3135 11
596 3076 714 3154 primum
727 3074 837 3153 amieis,
851 3081 910 3134 tum
924 3072 990 3132 rnihi
1005 3072 1113 3133 scribe·

118 3169 184 3213 rem.
206 3155 292 3218 Liber
305 3156 358 3218 luit
374 3167 402 3219 11
418 3157 564 3237 opusculis
575 3159 668 3218 varius
683 3167 712 3219 et
725 3158 833 3221 metris.
854 3155 897 3217 111
913 3156 1050 3233 solemus,
1066 3155 1140 3234 quil

83 3237 227 3314 dtingemo
242 3258 339 3320 parum
359 3240 485 3320 fidimus,
505 3243 641 3303 satietatis
662 3240 820 3320 periculum
841 3241 951 3318 ingere.
983 3238 1113 3300 Recitavi

120 3319 214 3382 biduo:
234 3323 291 3385 boc
303 3324 441 3387 adsensus
456 3323 625 3387 audientium
640 3325 752 3404 exegit:
768 3335 798 3386 11
812 3333 904 3384 tamen
918 3332 949 3383 ut
964 3321 1113 3385 111111111-

120 3413 183 3464 eunt
197 3407 334 3484 quaedam
353 3411 536 3488 imputantque
552 3409 627 3488 quod
641 3418 799 3484 transeant,
824 3409 866 3468 sio
882 3425 939 3485 ego
949 3405 1017 3466 nibil
1032 3418 1116 3484 prae*

120 3493 198 3548 tereo
214 3489 306 3570 adque
321 3495 404 3553 etiam
419 3509 476 3553 non
491 3495 647 3572 praeterire
661 3511 706 3552 me
722 3493 797 3554 dico.
827 3489 907 3569 Lego
922 3493 996 3551 enim
1011 3488 1112 3554 omnia.
