2584 3972
395 265 657 330 EPISTULARUM
669 268 705 329 V.
723 281 750 334 6.
1040 273 1081 334 95

92 417 294 479 saluberrimum
314 417 447 479 addetum
470 437 507 480 ex
528 419 706 499 Appenninis
726 420 848 482 vallibus
869 424 988 502 recipit:
1013 433 1081 502 post

91 501 223 562 latissimis
243 500 378 564 fenestris
395 504 510 580 vineas,
532 503 621 566 valvis
637 523 728 583 aeque
742 507 857 583 uncas,
880 506 932 566 sed
946 523 1001 584 per
1016 525 1080 582 cry·

90 587 288 665 ptopnrticnm,
312 587 392 665 quasi
405 585 532 647 admittit.
562 587 590 646 A
605 587 695 648 latere
708 587 838 667 triclinii,
854 589 931 667 quod
944 590 1122 657 fenestriseo

91 678 177 746 caret,
200 667 296 730 scalae
312 670 443 730 convivio
462 670 539 730 utilia
552 673 710 731 secretiore
727 673 831 733 ambitu
852 682 1017 750 suggerunt.
1046 673 1079 734 ln

68 752 138 816 tine
152 751 328 830 cubiculum,
356 753 402 814 cui
416 771 473 814 nou
487 754 578 816 minus
596 756 747 816 iucundum
761 766 947 836 prospectum
964 766 1078 836 crypto-

88 836 205 913 porticus
225 837 288 914 ipsa
310 853 392 915 quam
410 839 511 899 vineae
532 840 679 917 praebent.
719 839 826 900 Subest
847 843 1078 919 cryptoporticus

88 919 281 980 subterraneae
300 919 413 989 similis;
438 928 548 982 aestate
571 921 683 983 incluso
708 922 816 1000 frigore
835 925 911 1002 riget
932 932 1077 984 contenta·

88 1019 137 1082 que
152 1009 221 1064 abre
241 1020 294 1064 suo
316 1022 373 1064 nec
396 1004 539 1065 desiderat
557 1024 639 1067 auras
661 1024 716 1068 nec
732 1006 856 1067 admittit.
894 1006 961 1068 Post
976 1016 1119 1072 utram-31

87 1104 136 1166 que
156 1089 400 1166 cryptoporticum
419 1088 493 1150 unde
516 1089 668 1150 triclinium
694 1089 796 1151 desinit
815 1091 914 1170 incipit
935 1093 1075 1169 porticus,

54 1178 141 1242 loante
156 1171 279 1232 medium
293 1170 368 1232 diem
381 1170 514 1248 hiberna,
536 1173 669 1234 inclinato
685 1173 731 1234 die
747 1175 865 1235 aestiua.
897 1173 957 1234 llac
972 1174 1077 1235 adeun·

85 1260 124 1312 tur
135 1253 242 1315 diaetae
260 1253 343 1332 duae,
359 1273 475 1334 quarum
485 1257 514 1315 in
527 1256 616 1318 altera
632 1255 762 1317 cubicula
772 1266 904 1336 quattuor
914 1256 1075 1335 alterutrim,

85 1345 111 1395 ut
124 1339 248 1400 circumit
262 1337 323 1415 sol,
346 1348 394 1400 aut
410 1338 474 1400 sole
488 1349 603 1401 utuntur
615 1351 663 1402 aut
677 1341 783 1400 umbra.
815 1339 894 1401 llanc
912 1340 1119 1419 dispositio-32

85 1438 142 1482 nem
154 1423 409 1501 amoenitatemque
428 1433 569 1484 tectorum
589 1423 676 1502 longe
694 1424 838 1503 longeque
854 1424 1001 1504 praecedit
1014 1424 1076 1504 bip·

86 1503 239 1581 podromus.
271 1504 383 1566 bledius
401 1510 521 1584 patescit
537 1509 688 1587 statimqne
707 1510 866 1569 intrantium
886 1508 978 1570 oculis
998 1517 1075 1570 totus

55 1595 80 1649 15
87 1587 203 1667 ofertur,
216 1588 337 1669 platanis
350 1591 519 1651 circumitur.
538 1591 608 1652 lllae
619 1593 725 1653 hedera
734 1593 893 1654 vestiuntur
902 1601 990 1671 utque
1001 1611 1076 1654 snm·

87 1689 139 1732 mae
158 1675 216 1734 suis
227 1675 272 1736 ita
290 1675 363 1734 imae
378 1673 478 1735 alienis
494 1674 641 1737 frondibus
657 1679 763 1737 virent:
785 1675 892 1738 hedera
903 1686 1032 1738 truncum
1046 1686 1076 1737 et

87 1771 168 1818 ramos
182 1766 312 1836 pererrat
330 1758 495 1836 vicinasque
512 1758 640 1838 platanos
660 1762 777 1822 transitu
798 1778 851 1822 sno
872 1760 1001 1841 copulat:
1023 1761 1074 1822 bas

82 1837 166 1908 buxus
179 1842 344 1902 interiacet:
360 1843 520 1904 exteriores
535 1844 626 1905 bunos
638 1846 822 1907 circumvenit
836 1844 931 1905 laurus
946 1845 1074 1906 umbrae·

88 1938 135 1999 que
148 1923 323 2004 platanorum
337 1942 416 1986 suam
431 1925 551 1988 confert.
574 1927 683 1989 Rectus
693 1928 872 2009 hippodromi
886 1928 968 1989 limes
982 1929 1010 1988 in
1025 1935 1116 1988 ιιι-33

55 2013 165 2070 torena
181 2018 262 2087 parte
282 2008 452 2084 hemicyclio
474 2009 611 2088 frangitur
629 2021 773 2091 mutatque
787 2010 904 2072 faciem:
928 2011 1073 2090 cupressis

87 2089 192 2150 ambitur
204 2102 234 2153 et
248 2094 365 2170 tegitur,
382 2093 517 2154 densiore
532 2095 630 2154 umbra
641 2097 758 2174 opacior
767 2096 945 2174 nigriorque;
959 2095 1074 2153 interio-

86 2171 153 2236 ribus
177 2173 292 2238 circulia
320 2176 402 2255 (sunt
430 2178 504 2237 enim
530 2176 642 2256 plures)
664 2179 844 2255 purissimum
864 2177 939 2238 diem
961 2177 1072 2255 recipit.

87 2252 145 2318 lude
159 2261 242 2320 ctiam
256 2277 337 2322 rosas
352 2259 437 2322 effert
458 2261 674 2339 umbrarumque
691 2261 782 2339 frigus
802 2278 859 2322 non
878 2263 989 2338 ingrato
1010 2258 1116 2334 soleta

88 2337 227 2420 distinguit.
249 2342 341 2404 Finito
352 2345 430 2404 vario
445 2343 496 2405 illo
511 2344 718 2425 multiplicique
730 2344 889 2406 curuamine
901 2353 982 2405 recto
993 2343 1073 2404 limiti

57 2423 215 2504 ltrodditnr,
231 2445 288 2488 nec
302 2428 368 2488 huic
381 2430 438 2488 uni.
459 2426 531 2490 Nam
543 2431 607 2490 uiae
622 2429 720 2508 plures
734 2427 976 2490 intercedentibus
991 2427 1074 2488 burris

88 2503 241 2572 dividuntur.
274 2510 353 2571 Alibi
371 2511 510 2591 pratulnm
525 2512 593 2572 alibi
614 2514 677 2591 ipsa
690 2514 782 2574 burus
796 2513 949 2574 intervenit
967 2513 996 2571 in
1015 2510 1115 2571 for-35

87 2605 136 2652 mas
148 2593 224 2655 mille
239 2593 402 2674 descripta,
421 2595 530 2657 litteras
544 2597 698 2672 interdum,
718 2613 791 2675 quae
805 2595 890 2657 modo
904 2613 1007 2656 nomeu
1024 2595 1074 2655 do-

88 2675 143 2736 nini
157 2677 252 2740 dicunt
265 2678 351 2740 modo
367 2681 496 2741 artificis:
512 2680 627 2741 alternis
641 2679 764 2742 metulae
776 2688 893 2757 surgunt
906 2679 1022 2739 alternis
1033 2680 1074 2736 in·

89 2767 153 2820 serta
163 2771 228 2822 sunt
237 2779 333 2842 poma,
349 2772 379 2823 et
392 2764 420 2822 iu
435 2781 524 2842 opere
539 2763 725 2825 urbanissimo
740 2763 832 2824 subita
845 2760 924 2822 velut
938 2758 1014 2820 inlati
1028 2778 1073 2820 ru·

58 2842 119 2903 loris
142 2844 265 2906 imitatio.
302 2844 427 2908 bladium
450 2848 570 2926 spatium
589 2847 768 2908 brevioribus
788 2848 928 2924 utrimque
952 2843 1073 2923 platanis

89 2923 237 2990 adornatur:
260 2939 327 3007 post
348 2929 399 2991 bas
416 2931 552 2992 acanthus
567 2931 633 2991 binc
650 2931 715 2992 inde
730 2929 855 2992 lubricus
869 2939 898 2990 et
914 2929 1072 3004 flexuosus,
1082 2933 1116 2988 36

90 3006 178 3071 deinde
198 3012 298 3093 plnres
317 3014 424 3092 figurae
444 3013 582 3094 pluraque
603 3016 723 3076 numina.
754 3013 786 3074 ln
808 3016 901 3093 capite
924 3011 1074 3074 stibadium

91 3092 195 3156 candido
214 3114 353 3158 memnone
373 3099 432 3158 rite
448 3101 622 3178 protegitur:
644 3099 731 3158 ritem
753 3105 883 3176 quattuor
901 3094 1074 3158 columellae

90 3170 222 3252 bunnae
236 3181 368 3242 subeunt.
387 3179 433 3242 Er
446 3183 566 3244 stibadio
579 3200 662 3262 aqua,
676 3180 757 3242 velut
766 3198 905 3260 expressa
914 3178 1075 3240 cubantium

59 3259 220 3342 dependere,
241 3264 397 3344 sipunculis
419 3265 526 3344 effluit,
550 3277 649 3327 cavato
670 3265 765 3344 lapide
781 3266 951 3342 suscipitur,
973 3259 1075 3341 gracili

90 3355 213 3406 marmore
230 3350 404 3428 continetur,
426 3349 518 3430 adque
536 3351 575 3410 ita
596 3349 710 3411 occulte
724 3357 897 3428 temperatur
911 3357 942 3409 ut
958 3345 1075 3425 impleat

90 3441 137 3488 nec
147 3430 292 3494 redundet.
314 3431 503 3496 Gustatorium
517 3436 688 3513 generque
703 3450 774 3494 cena
787 3432 904 3510 margini
919 3431 1072 3510 inponitur,
1081 3434 1114 3489 et

90 3503 170 3574 lenos
183 3515 363 3578 naucularum
379 3528 408 3580 ct
428 3519 519 3580 arium
534 3520 631 3597 figuris
649 3519 775 3578 innatans
797 3517 933 3578 circumit.
966 3510 1072 3574 Gontra
