2580 3970
414 266 679 332 annueramus
694 281 719 334 6.
733 279 758 334 7.
770 279 796 333 8.
1048 271 1111 336 243

105 418 244 482 solebant.
257 419 309 483 Tlta
325 419 399 480 lilius
416 438 449 481 ao
464 438 568 501 parens
581 439 638 481 uno
654 419 814 500 eodemque
828 431 971 482 momento
985 439 1046 483 rem
1054 442 1110 486 ma·

103 506 205 565 minam
224 506 348 564 inuicem
369 505 567 584 praestitistis:
592 503 642 564 ille
663 505 716 566 tibi
738 505 885 583 imperium
903 505 997 584 dedit,
1022 515 1052 567 tu
1069 508 1110 568 illi

103 587 262 650 reddidisti.
297 586 384 650 Solus
400 605 472 667 ergo
486 588 521 648 ad
534 588 591 648 hoo
603 591 669 649 aevi
684 605 737 666 pro
751 606 868 648 munere
884 597 960 650 tanto
972 592 1049 669 paria
1063 610 1109 652 ac-

105 671 240 751 cipiendo
263 671 374 748 iecisti,
401 674 484 732 immo
502 671 577 732 ultro
598 672 710 734 dantem
728 671 879 751 obligasti:
905 675 1109 736 communicato

74 759 181 817 {semim
195 757 314 835 imperio
335 755 488 817 sollicitior
507 764 553 834 tu,
579 755 629 816 ille
650 758 781 817 securior
802 757 894 817 iactus
914 765 969 817 est.
1013 756 1037 816 Ο
1058 759 1141 823 noi

103 858 171 900 vum
184 849 269 918 atque
283 840 436 900 inauditum
450 840 486 900 ad
500 842 688 920 principatum
704 840 773 902 iteri
803 839 868 901 Non
882 849 911 901 tc
927 842 1044 920 propria
1059 860 1108 901 cu·

104 924 225 1004 piditas,
251 926 386 1002 proprius
406 933 517 1002 metus,
544 925 596 986 scd
617 923 709 986 aliena
734 924 859 1003 utilitas,
890 924 1002 984 alienus
1026 927 1111 986 timor

104 1010 261 1087 principem
275 1008 355 1068 iecit.
375 1008 504 1070 Videaris
516 1008 586 1069 licet
601 1007 678 1088 quod
695 1019 739 1070 est
754 1007 955 1087 amplissimum
971 1025 1110 1070 consecu-

104 1101 149 1153 tus
164 1093 237 1152 inter
249 1091 396 1171 homines,
412 1092 525 1154 felicius
541 1101 634 1152 tamen
645 1101 705 1152 erat
715 1092 785 1152 illud
796 1091 872 1172 quod
884 1093 1040 1172 reliquisti:
1056 1093 1109 1153 suh

60 1177 181 1242 lohono
197 1177 327 1254 principe
342 1179 468 1256 priuatus
486 1195 553 1237 esse
569 1177 678 1237 desisti.
700 1176 875 1254 Adsumptus
892 1195 924 1237 es
941 1178 968 1236 in
982 1175 1110 1237 laborum

106 1277 293 1339 curarumque
302 1263 487 1339 consortium,
502 1279 557 1320 nec
566 1270 597 1321 tc
608 1277 747 1340 prospera
759 1270 788 1321 et
802 1260 876 1320 laeta
888 1261 1014 1320 stationis
1029 1261 1110 1322 istius

105 1345 158 1405 sed
172 1362 273 1424 aspera
290 1354 319 1405 ct
336 1344 404 1406 dura
419 1345 456 1405 ad
470 1343 674 1424 capessendam
689 1362 751 1405 eam
763 1343 965 1423 compulerunt:
980 1345 1110 1423 suscepi·

106 1430 143 1492 sti
159 1430 322 1508 imperium,
346 1438 496 1508 postquam
509 1429 594 1489 alium
610 1429 740 1508 suscepti
754 1429 927 1508 paenitebat.
964 1425 1049 1488 Nulla
1063 1427 1122 1500 adq

106 1513 274 1592 eptaticum
289 1530 326 1573 eo
341 1515 388 1592 qui
402 1513 555 1594 adoptabat
570 1515 720 1592 coguatio,
747 1511 823 1572 nulla
847 1511 1033 1572 necessitudo
1056 1512 1111 1572 nisi

58 1607 97 1663 15
107 1597 183 1678 quod
194 1605 314 1676 uterque
326 1599 449 1676 optimus
463 1607 540 1676 erat,
556 1597 716 1677 dignusque
728 1596 800 1657 alter
811 1595 891 1674 eligi,
906 1594 979 1656 alter
989 1595 1109 1673 eligere.

106 1682 204 1760 ltaque
216 1681 365 1760 adoptatus
378 1700 428 1760 es,
445 1699 518 1760 non,
533 1691 564 1741 ut
576 1683 656 1760 prius
669 1679 741 1741 alius
753 1691 838 1761 atque
852 1679 941 1758 alius,
953 1681 981 1739 in
995 1681 1111 1758 gratiam

105 1767 210 1825 uxoris.
224 1764 353 1826 Adsciuit
364 1767 438 1827 enim
451 1774 480 1827 te
490 1765 575 1826 lilium
584 1783 641 1826 non
649 1767 766 1826 vitricus
775 1763 828 1826 sed
836 1766 983 1844 princeps,
995 1763 1110 1824 eodem·

106 1867 162 1928 que
178 1851 270 1910 animo
285 1849 366 1910 divus
380 1849 475 1910 Nerva
491 1859 573 1930 pater
588 1859 651 1912 tuus
666 1849 759 1929 iactus
777 1858 822 1911 est
833 1865 890 1927 quo
903 1857 962 1908 emt
978 1848 1109 1907 omnium.

106 1932 169 1994 Nec
181 1929 265 1994 decet
276 1933 359 1993 aliter
369 1933 455 1994 lilium
463 1934 589 2012 adsumi,
607 1935 631 1994 si
642 1931 803 1993 adsumatur
814 1950 831 1992 a
842 1933 981 2009 principe.
1004 1930 1048 1990 An
1064 1948 1110 1990 sc·

59 2023 200 2078 boneium
220 2015 414 2096 populumque
428 2015 601 2095 Romanum,
622 2017 783 2093 exercitus,
810 2015 989 2093 provincias,
1012 2015 1109 2074 socios

106 2103 320 2162 transmissurus
329 2103 388 2180 uni,
401 2098 602 2162 successorem
614 2119 630 2161 e
643 2101 706 2160 sinu
717 2099 814 2159 uxoris
823 2098 960 2178 accipias,
971 2111 1111 2158 summae·

107 2203 162 2264 que
177 2186 329 2265 potestatis
340 2185 477 2246 heredem
488 2195 593 2246 tantum
606 2186 678 2244 intra
690 2183 803 2244 domum
812 2192 886 2242 tuam
898 2177 1039 2261 quaeras?
1054 2196 1111 2240 non

106 2279 193 2330 totam
205 2287 258 2349 per
269 2271 411 2330 civitatem
425 2269 609 2330 circumferas
624 2267 736 2345 oculos,
750 2277 780 2328 et
791 2266 866 2326 hunc
878 2266 929 2326 tibi
940 2266 1109 2345 proximum,

106 2354 182 2414 hunc
197 2354 456 2415 coniunctissimum
472 2355 617 2414 existimes
633 2369 718 2432 quem
730 2352 883 2430 optimum,
899 2348 1055 2429 quemdiis
1073 2348 1111 2408 si·

62 2437 250 2500 asmillimum
264 2434 428 2499 inueneris?
450 2437 641 2518 lmpemturus
656 2437 784 2498 omnibus
797 2432 865 2512 eligi
877 2434 965 2495 debet
976 2451 1013 2494 ex
1024 2433 1111 2492 omni·

105 2523 170 2584 bus.
190 2521 255 2583 Non
269 2523 343 2583 enim
359 2523 482 2584 servulis
497 2522 554 2599 tuis
571 2521 729 2598 dominum,
751 2528 782 2579 ut
797 2520 894 2599 possis
909 2535 977 2578 esse
993 2526 1111 2590 conten·

107 2617 153 2668 tus
169 2608 249 2686 quasi
264 2607 429 2668 necessario
443 2607 568 2684 herede,
585 2605 638 2665 sed
654 2606 812 2682 principem
828 2602 937 2662 civibus
949 2600 1063 2662 daturus
1079 2615 1111 2659 es

105 2694 270 2770 imperator.
293 2691 452 2769 Superbum
466 2688 542 2751 istud
558 2697 587 2750 et
602 2689 723 2766 regium,
738 2688 793 2746 nisi
807 2685 929 2763 adoptes
946 2701 1010 2743 enm
1028 2699 1112 2762 quem

109 2783 222 2835 constet
231 2776 431 2853 imperaturum
442 2774 551 2851 inisse,
567 2773 745 2834 etiamsinon
759 2769 938 2849 adoptasses.
961 2767 1043 2828 Fecit
1056 2766 1112 2825 hoo

65 2856 221 2936 collerva,
242 2856 310 2919 nihil
328 2860 468 2918 interesse
481 2858 630 2918 arbitratus
645 2856 779 2934 genueris
792 2871 829 2922 ¹an
845 2851 988 2930 elegeris,
1005 2850 1030 2909 si
1046 2867 1111 2928 per·

106 2943 174 3003 inde
194 2944 255 3002 sine
277 2941 381 3002 iudicio
396 2941 566 3022 adoptentur
579 2941 661 3002 liberi
676 2958 709 3000 ac
725 2945 892 3005 nascentum
912 2936 966 2996 nisi
981 2933 1058 3014 quod
1071 2941 1112 2993 ta·

107 3043 172 3086 men
186 3027 321 3105 aequiore
337 3027 428 3086 animo
451 3027 543 3086 ierunt
558 3025 686 3084 homines
702 3039 787 3102 quem
801 3023 939 3099 princeps
955 3036 1053 3097 parum
1069 3016 1112 3076 ie-

107 3111 205 3170 lieiter
226 3113 323 3187 genuit
345 3128 428 3190 quam
448 3126 533 3189 quem
554 3107 625 3168 male
646 3106 745 3184 elegit.
790 3102 899 3166 Sedulo
923 3120 994 3180 ergo
1015 3100 1113 3164 vitarit
1132 3099 1160 3182 8γ

108 3195 184 3255 hunc
201 3212 313 3272 casum,
338 3213 393 3254 nec
407 3193 510 3255 iudicia
523 3192 664 3252 bominum
686 3189 738 3249 sed
760 3187 877 3248 deorum
899 3187 981 3246 ctiam
999 3184 1027 3243 in
1045 3201 1112 3244 con·

67 3279 205 3343 besilium
226 3276 393 3357 adsumpsit.
432 3276 530 3356 ltaque
550 3276 590 3334 tui
609 3290 666 3333 non
685 3275 715 3333 in
731 3270 865 3333 cubiculo
880 3268 932 3332 sed
948 3267 1112 3348 intemplo,

109 3381 165 3423 nec
181 3371 246 3422 ante
260 3361 400 3439 genialem
415 3371 505 3422 torum
519 3359 571 3420 sed
585 3367 649 3418 ante
664 3356 793 3434 pulvinar
803 3353 881 3416 loris
893 3354 990 3432 optimi
1001 3351 1114 3416 maximi

109 3445 227 3524 adoptio
242 3455 358 3524 peracta
373 3454 432 3514 est;
448 3462 501 3524 qua
515 3440 626 3504 tandem
641 3458 698 3501 non
712 3441 834 3502 servitus
850 3447 947 3500 nostra
962 3436 1015 3498 sed
1028 3435 1112 3495 liber·

109 3540 153 3592 tas
169 3528 284 3590 etsalns
299 3539 327 3590 et
339 3530 478 3590 securitas
490 3527 665 3590 fundabatur.
692 3524 752 3586 Sibi
770 3524 842 3584 enim
856 3520 976 3665 plfiopiam
989 3517 1065 3579 illam
1076 3514 1114 3578 dii
