2580 3978
144 287 197 328 xlv
558 270 795 325 PRAEFATIO.

147 435 283 502 excerptae
302 429 387 502 itaque
396 429 456 486 illud
470 429 627 502 archetypam,
646 443 717 500 equo
729 435 755 483 et
765 427 830 484 bunc
841 427 950 484 codicem
967 433 992 482 ct
1002 427 1108 500 reliquos
1121 443 1214 495 omues,

148 513 342 587 quommnnllus
352 513 484 586 estprinto
495 513 591 568 decimo
601 511 699 568 sacculo
710 513 842 584 antiquior,
854 510 990 582 dmcdptcs
1007 525 1060 566 asse
1070 511 1140 580 dico,
1158 527 1215 568 cum

148 597 202 654 aliis
214 596 366 652 librariorum
377 596 500 652 erroribus
511 603 653 668 corruptum
664 602 729 661 erat,
751 602 805 652 tum
827 594 911 651 multis
925 593 1018 650 lacrmis
1038 594 1127 651 hiabat.
1155 612 1215 668 quo·

147 696 203 736 rum
227 681 335 737 omnium
355 695 413 735 cum
434 694 449 734 e
468 680 535 736 libris
555 695 629 736 manu
648 679 744 750 scriptis
760 679 854 734 uuillum
871 683 967 750 praeter
982 677 1098 734 ltalormu
1118 679 1216 750 quidem

148 764 299 821 coniecturas
317 763 433 820 aumlium
449 763 500 833 peti
515 770 612 835 posset,
635 762 827 820 emendationem
841 762 912 818 multi
927 769 1098 832 susceperunt,
1116 761 1215 818 laumas

148 853 244 914 autem,
266 853 394 920 postquam
415 847 532 920 quaedam
553 848 578 903 in
597 847 646 903 hoc
665 861 755 919 genere
775 846 893 916 praestitit
912 845 1058 910 Catanaeus.
1086 846 1112 900 in
1130 846 1216 916 primis

146 930 251 988 lemno
267 930 445 1003 domimum,
472 931 513 1003 qui
529 947 591 986 auno
612 934 680 989 1513
691 945 747 986 cnm
765 929 862 1002 reliquis
872 929 1023 1001 panegyricis
1037 928 1108 985 Plinii
1125 929 1215 987 librum

149 1016 237 1082 edidit,
259 1015 389 1086 supplerit.
433 1020 506 1086 atque
532 1015 598 1072 hunc
617 1013 805 1084 crispinianum,
833 1019 960 1084 propterea
980 1011 1045 1083 quod
1065 1012 1142 1078 filius,
1172 1014 1214 1084 qui

147 1106 217 1171 patre
236 1104 333 1154 mortuo
352 1097 452 1154 editioni
472 1099 591 1169 praebuit,
611 1102 735 1169 parentem
757 1097 863 1166 integras
884 1095 980 1152 chartas
999 1096 1026 1150 in
1045 1096 1215 1152 vetustissimis

147 1183 198 1238 suis
209 1181 387 1252 exemplaribus
395 1182 515 1238 muenissc
525 1187 551 1238 et
561 1181 695 1238 rastibnisse
705 1180 822 1246 adfirmat,
836 1180 942 1237 acediae
955 1179 1034 1252 aliquo
1045 1179 1215 1251 supplementa
1272 1191 1273 1258 ἦ

148 1267 262 1337 petivisse
280 1265 354 1338 vmulti
374 1265 586 1328 existimauerunta
607 1264 707 1336 eiusque
723 1265 758 1320 rei
768 1264 942 1322 documentum
951 1278 1005 1320 amc
1014 1264 1143 1320 uoluerunt
1152 1279 1215 1336 quae
1272 1279 1273 1286 ¹

148 1349 270 1420 incapite
291 1349 490 1422 quinquagesimo
509 1351 596 1423 'quinto
618 1348 790 1420 percommode
811 1349 912 1404 inseruit
937 1346 1079 1420 ‘praeterea
1100 1354 1130 1404 ut
1148 1348 1202 1419 quis

148 1447 196 1505 que
217 1433 296 1488 lactus
326 1439 365 1488 est
388 1433 513 1504 princeps,
543 1433 665 1502 extemplo
690 1431 754 1486 lama
776 1433 839 1497 elus,
866 1433 986 1488 incertum
1004 1430 1068 1487 bona
1087 1446 1118 1486 an
1141 1431 1213 1496 nala,

149 1522 258 1572 ceterum
278 1521 376 1572 aeterna
396 1517 462 1572 est’.
495 1523 521 1572 at
534 1531 592 1571 uero
608 1531 664 1570 cum
681 1515 772 1587 roduna
788 1516 868 1571 omnia
878 1530 940 1587 quae
951 1514 1111 1584 cuspinianus
1123 1515 1215 1570 addidit

148 1601 183 1656 ita
207 1605 345 1671 comparata
364 1600 415 1655 sint
437 1606 466 1655 ut
490 1600 578 1670 partim
603 1598 742 1654 coniectura
757 1598 828 1654 laede
848 1599 949 1654 inveniri
970 1599 1105 1669 potuerint,
1125 1599 1214 1670 partim

148 1699 198 1740 non
208 1698 262 1739 esse
278 1682 373 1739 elibris
390 1683 499 1754 prolecta
515 1690 640 1754 appareat,
662 1681 703 1738 illa
719 1697 815 1754 quoque
823 1682 899 1753 ipsius
910 1683 1008 1756 ingenio
1019 1681 1116 1750 deberi,
1138 1696 1215 1754 eaque

149 1768 180 1823 de
195 1782 267 1822 causa
285 1782 335 1823 non
356 1766 492 1832 codicibus,
515 1783 576 1840 quos
597 1767 686 1823 nusum
711 1766 824 1822 meliores
843 1781 892 1822 non
907 1766 1005 1832 habuit,
1026 1765 1215 1822 illumadiutum
1272 1781 1273 1812 ι

149 1850 237 1916 luisse,
256 1851 300 1906 sed
320 1850 457 1906 coniectura
471 1866 522 1906 rem
542 1850 623 1924 egisse
636 1849 781 1906 medendum
797 1857 843 1905 est.
880 1867 928 1923 quo
944 1851 1035 1906 iactum
1047 1855 1123 1905 estut
1137 1851 1215 1906 multa

148 1940 244 2005 practer
265 1933 434 1990 necessitatem
455 1934 569 2003 Inferet,
596 1935 643 1991 alia
662 1948 713 1990 non
732 1934 885 1991 incommode
905 1935 1060 1999 restitueret,
1082 1933 1179 1988 inaliis
1200 1950 1214 1988 a

149 2032 206 2073 aera
226 2017 344 2074 senwntia
365 2017 494 2076 aberraret
536 2033 597 2090 qnae
622 2017 709 2074 deiude
736 2017 865 2074 maximam
888 2025 982 2090 partem
1008 2032 1022 2072 a
1041 2016 1215 2088 posterioribus

150 2101 282 2158 editoribus
291 2103 394 2175 repetita
411 2109 476 2160 sunt.
498 2117 529 2158 cx
544 2101 582 2160 bis
594 2103 671 2176 igitur
679 2103 852 2174 supplementis
863 2118 891 2160 aa
901 2118 963 2176 quae
972 2105 1060 2159 iustam
1070 2101 1215 2157 senteutiam

151 2185 268 2241 referrent
290 2186 393 2252 retinui,
412 2187 532 2244 inclinatis
542 2189 631 2244 lumen
647 2187 734 2244 licem
750 2194 874 2262 umquam
892 2188 967 2244 aliem
981 2191 1064 2243 ucula
1075 2184 1215 2254 (hacanim

150 2269 242 2325 ratione
253 2269 326 2324 etiam
337 2271 362 2325 iu
372 2270 470 2342 reliquis
479 2286 538 2326 usam
548 2275 638 2341 sum);
657 2286 686 2325 ea
707 2276 789 2326 autom
809 2287 871 2342 quae
892 2271 956 2326 male
976 2269 1099 2325 addiderat
1118 2269 1213 2333 bouum

150 2352 171 2407 si
182 2367 229 2424 qua
242 2358 307 2417 crat,
327 2353 430 2408 indicata
440 2353 543 2409 resecui.
585 2355 688 2426 denique
703 2352 796 2424 nqueo
806 2354 831 2408 in
842 2353 965 2409 codicibus
974 2352 1063 2422 scripta
1073 2358 1142 2406 crant
1151 2367 1216 2423 quiae

151 2435 252 2492 delenda
261 2451 316 2492 eme
325 2436 475 2502 viderentur,
498 2452 575 2492 uncos
586 2437 728 2510 quadratos,
750 2438 817 2534 quod
829 2452 913 2493 eorum
929 2449 991 2509 prmo
1000 2449 1074 2506 prare
1088 2435 1215 2490 alibrariis

151 2518 234 2575 addita
247 2525 329 2576 essem
338 2520 438 2594 signnm
453 2519 595 2590 mereim,
617 2520 720 2576 admovi.
752 2519 817 2575 de'
801 2537 831 2576 ns
847 2535 909 2592 quae
922 2525 1045 2592 praeterea
1054 2523 1148 2574 mutata
1156 2525 1214 2574 suut

151 2607 179 2658 ut
189 2608 312 2660 comtarct
322 2604 572 2675 indiceiulrascripto
589 2605 677 2661 curavi.
