2584 3972
390 295 653 358 EPISTULARUM
665 298 700 357 V.
719 307 745 360 4.
761 310 786 362 5.

569 447 582 506 Ι
613 494 619 509 .

286 544 313 596 U.
332 545 456 598 PLINIUS
473 447 763 598 wttoldbumtlmto
782 545 842 598 SUO
862 545 889 601 S.

149 645 206 709 Nes
221 663 318 728 parva,
333 649 387 710 sed
401 651 507 710 initium
520 667 577 709 non
591 667 704 730 parvae.
722 647 772 709 Vir
783 649 941 730 praetorius
953 650 1063 714 Sollers
1075 665 1114 719 al

96 740 188 792 senatu
206 731 287 810 petiit
300 741 330 792 ut
345 731 399 793 sibi
415 735 563 794 instituere
577 733 712 795 nundinas
734 735 762 793 in
781 735 856 812 agris
872 736 931 796 suis
944 737 1089 813 permitte·

75 821 180 876 trctnr:
196 811 424 877 contradixerunt
438 817 526 894 legati
539 815 748 878 Vicetinorum:
773 817 861 877 adluit
876 813 1017 880 Tuscilius
1030 817 1089 880 No-

94 900 220 960 minatus:
236 896 320 960 dilata
341 918 426 960 causa
448 909 501 962 est.
531 901 598 960 Alio
618 908 717 962 senatu
732 900 857 965 Vicetini
872 903 934 963 sine
950 901 1117 968 advocator

95 981 277 1061 intraverunt,
300 981 429 1044 dlxerunt
450 1003 483 1044 se
503 983 660 1063 deceptos,
682 981 792 1062 lapsine
808 985 899 1046 verbo
921 1003 956 1045 an
972 987 1037 1064 quia
1052 989 1091 1050 ita

96 1064 255 1127 sentiebant.
288 1065 458 1146 Interrogati
477 1085 493 1126 a
512 1065 628 1146 Nepote
648 1076 782 1146 praetore
807 1086 891 1147 quem
912 1066 1089 1148 docuissent,

95 1150 295 1230 responderunt
311 1169 395 1229 quem
409 1153 497 1231 prius.
525 1149 695 1228 Interrogati
710 1171 744 1212 au
755 1161 822 1212 tunc
837 1153 924 1228 gratis
941 1150 1088 1231 adfuisset,

63 1229 295 1312 ltresponderunt
317 1253 370 1296 sex
387 1233 500 1295 milibus
520 1252 674 1293 nummum:
700 1253 735 1295 an
754 1253 851 1295 rursus
869 1233 974 1314 alluuid
996 1234 1089 1298 dedis·

95 1325 169 1396 sent,
185 1317 315 1378 dixerunt
331 1315 409 1378 mille
432 1319 572 1379 denarios.
595 1315 695 1396 Nepos
711 1317 864 1397 postulavit
879 1326 909 1377 ut
922 1316 1088 1380 NomInatus

94 1397 276 1462 induceretur.
299 1400 442 1464 Hactenus
457 1399 506 1463 illo
523 1400 578 1461 die.
606 1400 663 1460 Sed
679 1412 811 1478 quantum
826 1417 961 1480 auguror,
975 1399 1115 1480 longius3

95 1501 137 1544 res
149 1483 288 1563 procedit.
321 1483 391 1546 Nam
405 1486 542 1566 pleraque
556 1494 631 1545 tacta
646 1494 752 1545 tantum
768 1493 798 1545 et
819 1486 930 1545 omuino
949 1496 1089 1547 commota

96 1564 222 1630 latissime
240 1579 369 1648 serpunt.
398 1569 485 1630 Erexi
502 1587 585 1631 aures
600 1579 673 1629 tuas.
704 1567 794 1642 Quam
808 1567 855 1628 diu
872 1586 946 1627 nunc
961 1577 1115 1649 oportet‚4

64 1661 89 1715 lt
97 1667 169 1727 quam
180 1650 283 1713 blande
298 1670 385 1730 roges
398 1663 428 1713 ut
440 1651 550 1733 reliqua
563 1651 740 1730 cognoscas!
758 1655 782 1714 si
793 1662 886 1713 tamen
900 1669 956 1712 non
970 1662 1036 1714 aute
1051 1655 1088 1714 ob

96 1732 160 1874 paee
179 1737 377 1880 imbadeneris
396 1736 514 1798 Romam
534 1746 738 1816 spectatorque
761 1733 894 1797 malueris
915 1754 982 1797 esse
1008 1755 1089 1815 quam

106 1827 188 1880 cctor.
237 1831 239 1838 ’
279 1839 306 1880 e.

567 1918 603 1979 V.

306 2015 333 2070 U.
352 2017 476 2068 PLINIUS
493 2016 589 2069 NONIO
608 2017 739 2068 MAXIMO
757 2016 817 2067 SUO
836 2016 862 2066 S.

65 2124 92 2177 to
147 2117 306 2180 Nuntiatum
318 2119 385 2179 milri
401 2129 446 2180 est
460 2117 493 2179 G.
512 2119 645 2179 Fannium
660 2119 838 2195 decessisse,
855 2119 902 2196 qui
918 2119 1031 2178 nuntius
1042 2133 1114 2190 me1

97 2204 166 2278 graui
181 2202 282 2264 dolore
297 2202 440 2280 confudit,
461 2204 597 2282 primum,
622 2202 698 2281 quod
712 2203 801 2262 amavi
815 2201 957 2262 hominem
973 2200 1088 2278 elegan-

97 2293 148 2344 tem
159 2285 305 2364 disertum,
317 2285 431 2363 deinde,
444 2285 521 2366 quod
531 2286 635 2348 iudicio
649 2288 710 2348 eius
724 2287 765 2346 uti
779 2285 916 2346 solebam.
934 2283 1003 2345 Erat
1015 2285 1089 2344 enim

97 2377 186 2432 acutus
200 2379 314 2448 natura,
329 2388 383 2432 usu
398 2371 582 2449 exercitatus,
597 2372 716 2432 veritate
732 2370 969 2450 promptissimus.
1001 2367 1114 2446 Angitn

97 2467 137 2512 me
150 2471 235 2534 super
249 2455 304 2514 ista
326 2471 410 2515 casus
426 2455 532 2533 ipsius:
548 2455 675 2516 decessit
689 2455 780 2515 veteri
794 2462 983 2529 testamento,
997 2453 1089 2512 omisit

67 2544 162 2613 tiques
181 2539 300 2598 naalma
322 2536 476 2616 diligebat,
499 2547 671 2617 prosecutus
691 2546 736 2598 est
753 2536 1005 2615 quibusollensior
1019 2542 1088 2595 erat.
1207 2610 1210 2614 ,

98 2619 215 2683 Sedlroc
230 2631 386 2699 utcumque
401 2621 567 2700 tolerabile,
589 2623 703 2700 grauius
726 2619 814 2698 illud,
835 2620 911 2698 quod
932 2617 1089 2698 pulchemi-

98 2717 163 2763 mum
176 2721 250 2785 opus
265 2705 455 2785 inperfectum
467 2705 592 2783 requuit.
621 2703 755 2778 Quamvis
770 2705 844 2764 enim
861 2703 979 2781 agendis
995 2702 1116 2766 causis3

99 2783 322 2867 distringeretur,
337 2788 482 2850 scribebat
501 2797 594 2849 amen
615 2788 709 2848 exitus
729 2788 890 2848 occisomm
910 2794 957 2845 aut
976 2782 1089 2860 relega-

99 2876 182 2930 tomnr
196 2891 212 2932 a
225 2871 353 2950 Nerone,
369 2881 399 2932 ct
414 2874 468 2932 iam
481 2881 541 2933 tres
555 2871 644 2932 libros
660 2869 834 2947 absolverat,
848 2867 968 2930 subtiles
983 2876 1013 2928 et
1028 2867 1090 2927 dili·

68 2949 193 3028 Ugent'es
207 2965 238 3017 et
251 2955 364 3016 Latinos
379 2954 471 3034 adque
487 2958 561 3016 inter
575 2971 735 3016 sermonem
750 2953 952 3031 historiamque
967 2950 1088 3028 medios,

101 3051 129 3095 ac
147 3047 222 3100 tauto
238 3040 329 3117 magis
349 3037 477 3117 reliquos
504 3040 645 3118 perlicere
672 3037 805 3117 cupiebat
832 3045 935 3116 quanto
958 3035 1090 3114 frequen-

101 3119 148 3180 tius
162 3121 190 3182 bi
206 3122 415 3184 lectitabantur.
436 3121 504 3182 Mibi
518 3131 611 3183 autem
625 3121 736 3183 videtur
754 3121 859 3182 acerba
872 3135 988 3199 semper
1003 3127 1033 3178 et
1049 3118 1117 3181 ιιι-4

100 3212 197 3264 natura
210 3221 287 3268 mors
304 3223 403 3268 eorum
418 3207 466 3286 qui
480 3205 636 3266 immortale
647 3204 752 3284 aliquid
765 3212 872 3284 parant.
895 3201 966 3263 Nam
980 3202 1028 3279 qni
1039 3217 1090 3260 vo·

101 3282 245 3364 luptatibue
268 3289 354 3352 dediti
375 3291 455 3368 quasi
470 3291 500 3350 in
521 3288 594 3350 diem
613 3291 710 3349 vivunt
728 3287 843 3350 vivendi
864 3301 964 3346 causas
986 3283 1091 3346 cotidIe

69 3367 204 3442 liticinum
227 3375 275 3452 qui
294 3391 365 3434 vero
380 3373 514 3453 posteros
533 3374 658 3450 cogitant
673 3380 702 3432 et
717 3373 880 3432 memoriam
894 3370 938 3430 sui
953 3369 1090 3448 operibus

103 3456 266 3534 extendunt,
286 3457 330 3518 his
351 3457 428 3518 nulla
440 3473 517 3518 mors
531 3473 588 3517 non
598 3457 745 3535 repentina
762 3463 823 3532 est,
844 3463 959 3532 atquae
975 3467 1090 3531 semper

102 3533 254 3600 inchoatum
267 3540 370 3620 ailquid
385 3541 539 3619 ubmmpat.
563 3537 648 3601 Gaius
663 3539 776 3617 quidem
790 3537 911 3598 Fannius
924 3535 1001 3616 quod
1014 3533 1114 3594 acci-t
1128 3619 1131 3626 Ι
