2580 3978
396 265 661 328 EPISTULARUM
672 264 710 326 ll.
732 279 757 329 5.
770 275 797 330 6.
1066 263 1105 329 27

105 426 165 484 sum
185 428 293 482 statuae
315 428 400 498 caput
418 429 466 480 aut
486 420 642 480 membrum
659 417 774 498 aliquod
793 419 971 499 inspiceres,
997 436 1054 480 non
1074 427 1105 480 tu

107 504 218 584 quidam
233 523 271 564 ex
286 501 337 563 illo
353 520 458 582 posses
476 499 689 582 congruentiam
709 502 966 582 aequalitatemque
982 502 1104 583 depren-

105 588 190 666 dere,
210 605 314 666 posses
335 596 429 647 tamen
449 586 575 648 iudicare
591 607 626 648 an
640 586 668 647 id
682 588 776 664 ipsum
796 588 865 648 satis
879 584 998 665 elegans
1013 596 1102 649 essct.

102 670 164 733 Nec
185 670 239 731 alia
259 689 296 732 ex
318 688 402 731 causa
421 672 625 750 principiorum
651 670 715 730 libri
743 670 995 749 circumferuntur,
1021 688 1103 748 quam
1112 680 1146 732 12

80 757 166 836 5qnia
187 754 362 816 existimatur
378 772 444 834 pars
464 753 557 833 aliqua
574 756 658 816 otiam
678 755 739 814 sine
762 755 866 814 ceteris
880 772 947 816 csse
961 753 1103 833 perlecta.

102 839 225 916 Longius
239 857 286 898 me
305 839 437 916 provexit
457 837 580 899 dulcedo
603 837 739 916 quaedam
759 846 854 898 tecum
874 836 1024 917 loquendi:
1050 835 1146 898 sed13

101 924 154 983 iam
169 923 253 982 linem
265 922 377 1000 faciam,
392 940 428 982 ne
442 921 566 999 modum,
583 939 667 1000 quem
684 922 766 982 otiam
784 922 902 982 orationi
915 919 1104 983 adhibendum

103 1016 181 1085 poto,
197 1007 225 1065 in
240 1004 361 1084 epistula
376 1004 524 1066 excedam.
555 1005 635 1065 Vale.

576 1137 626 1198 VI.

394 1235 422 1290 o.
441 1235 565 1287 rorarus
584 1209 694 1288 atrro
705 1235 764 1289 soo
784 1237 811 1288 s.

158 1338 286 1416 Longum
300 1346 345 1397 est
360 1336 442 1398 altius
459 1346 611 1416 repetere,
631 1356 688 1398 nec
701 1338 792 1400 refert
809 1338 1043 1418 quemadmodum
1055 1354 1127 1406 ac·1

101 1421 202 1482 ciderit
216 1430 246 1481 ut
260 1419 346 1480 bomo
359 1423 471 1481 minime
486 1420 629 1482 familiaris
650 1440 783 1483 cenarem
801 1422 877 1503 apud
897 1422 1052 1502 quendam,
1073 1434 1104 1485 ut

101 1507 154 1566 sibi
168 1505 335 1582 videbatur,
356 1504 461 1564 lautum
476 1513 506 1564 et
521 1503 702 1585 diligentem,
718 1515 747 1567 ut
761 1505 845 1585 mibi,
863 1506 1007 1567 sordidum
1021 1506 1102 1567 simul

61 1609 91 1659 15
100 1599 129 1651 et
151 1597 357 1667 sumptuosum.
387 1585 459 1647 Nam
479 1588 534 1648 sibi
549 1597 578 1649 et
593 1592 692 1668 paucis
708 1592 801 1670 opima
817 1591 970 1669 quaedam,
994 1592 1127 1655 ceterisa

99 1672 166 1734 vilia
181 1682 211 1733 et
232 1674 337 1760 minuta
356 1671 490 1750 ponebat.
525 1671 626 1731 Vinum
647 1677 731 1734 etiam
751 1673 876 1753 parvolis
894 1672 1054 1752 lagunculis
1075 1677 1104 1734 in

99 1759 151 1818 tria
165 1774 274 1834 genera
287 1754 496 1835 descripserat,
516 1773 572 1815 non
587 1767 617 1817 ut
632 1766 762 1835 potestas
777 1757 919 1836 eligendi,
940 1757 1044 1820 sedne
1059 1760 1102 1818 ius

100 1850 181 1902 essct
201 1839 368 1916 recusandi,
390 1838 465 1898 aliud
486 1839 540 1899 sibi
562 1850 591 1900 et
612 1842 713 1919 nobis,
734 1841 810 1902 aliud
830 1843 986 1905 minoribus
1005 1843 1102 1902 amicis

99 1927 176 2003 (nam
197 1922 334 2001 gradatim
353 1924 461 1984 amicos
481 1921 597 2002 babet),
622 1924 697 1984 aliud
718 1927 776 1986 suis
796 1928 960 2005 nostrisque
980 1925 1102 1987 libertis.

57 2008 299 2073 aodnimadvertit
311 2007 358 2085 qui
371 2005 437 2066 mihi
450 2009 594 2085 proximus
609 2010 795 2070 recumbebat
808 2019 838 2070 et
851 2029 887 2070 an
898 2009 1049 2089 probarem
1061 2012 1130 2072 ιιι-3

98 2093 272 2169 terrogavit.¹
295 2088 415 2169 Negavi,
449 2088 504 2150 ‘Tu
530 2097 614 2168 ergo'
641 2094 730 2171 inquit
752 2098 847 2170 ‘quam
868 2092 1104 2153 consuetudinem

98 2171 272 2254 sequerisi'
304 2171 423 2234 ‘Eadem
444 2175 573 2235 omnibus
588 2192 681 2255 pono:
702 2175 738 2236 ad
759 2193 857 2236 cenam
878 2177 968 2251 eninr,
988 2193 1045 2235 non
1067 2175 1103 2236 ad

97 2270 194 2320 notam
214 2259 491 2339 invito,cunctisque
512 2258 599 2319 rebus
620 2276 751 2337 exaequo
774 2277 847 2338 quos
865 2277 964 2321 mensa
986 2269 1016 2320 et
1036 2269 1101 2320 toro

96 2345 242 2423 aequari!
263 2340 402 2402 ‘Etiamne
416 2339 575 2403 libertos?'
599 2342 717 2404 ‘Etiam
736 2346 919 2405 convictores
935 2345 1126 2422 enimtunc,4

58 2443 156 2495 panon
170 2426 293 2488 libertos
309 2430 401 2506 puto!
430 2424 468 2486 llt
489 2424 539 2486 ille
561 2429 683 2506 ‘magno'
696 2428 747 2488 tibi
768 2425 918 2490 constati’
951 2426 1100 2489 ‘Minime'

99 2510 170 2585 ‘Qui
190 2512 252 2571 lieri
272 2505 407 2590 potesti'
430 2507 516 2582 ‘Quia
535 2509 648 2572 scilicet
667 2511 763 2572 liberti
782 2513 838 2572 mei
858 2529 914 2572 non
934 2513 1009 2573 idem
1025 2510 1101 2591 qnod

96 2613 154 2674 ego
172 2595 288 2671 bibunt,
309 2591 451 2654 sedidem
466 2610 522 2671 epo
538 2595 613 2673 quod
630 2595 748 2657 liberti?
781 2595 819 2657 Et
833 2594 958 2657 Hercule
974 2599 999 2658 si
1014 2595 1126 2674 golaeo

95 2689 257 2759 temperes,
268 2695 325 2737 non
342 2687 387 2738 est
401 2695 554 2738 onerosum
568 2697 624 2758 quo
639 2682 726 2741 utaris
740 2682 803 2759 ipse
819 2682 1027 2742 communicare
1039 2697 1102 2739 cum

95 2765 238 2843 pluribus.
260 2761 313 2822 Illa
324 2778 395 2839 ergo
407 2761 596 2840 reprimenda,
612 2762 661 2824 illa
673 2765 752 2842 quasi
763 2766 791 2822 in
805 2763 932 2824 ordinem
946 2762 1103 2842 redigenda

54 2859 160 2927 aocet,
179 2850 204 2908 si
226 2845 384 2924 sumptibus
406 2863 524 2924 parcas,
547 2847 650 2925 quibus
670 2845 813 2926 aliquanto
827 2851 935 2910 rectius
950 2857 997 2908 tua
1012 2849 1102 2908 conti-

94 2933 194 2993 nentia
214 2948 298 3010 marn
319 2927 411 2989 aliena
430 2929 599 2994 contumelia
618 2931 760 2992 consulas.
794 2930 924 3003 Quorsus
945 2928 1039 2992 baec?
1064 2938 1124 2993 ned

94 3017 159 3095 tibi,
173 3017 299 3095 optimae
309 3012 413 3074 indolis
424 3015 530 3091 iuveni,
543 3014 715 3093 quorundam
729 3017 864 3076 inmensa
877 3015 986 3076 luxuria
1000 3017 1101 3095 specie

94 3099 269 3178 frugalitatis
283 3100 407 3176 inponat.
432 3094 571 3158 Convenit
586 3109 680 3159 autem
694 3101 781 3159 amori
794 3101 824 3158 in
834 3110 863 3160 te
874 3117 950 3177 meo,
968 3102 1101 3179 quotiens

94 3183 155 3245 tale
179 3182 286 3262 aliquid
308 3180 455 3258 inciderit,
476 3182 530 3241 sub
550 3183 684 3262 exemplo
699 3201 885 3262 praemonere
906 3183 973 3263 quid
994 3182 1101 3243 debeas

53 3267 209 3347 mingere.
236 3266 327 3346 Igitur
341 3273 483 3325 memento
497 3265 565 3326 nibil
579 3269 669 3344 magis
685 3285 753 3328 esse
766 3266 909 3328 vitandum
925 3285 1008 3346 quam
1020 3269 1126 3329 istaml

93 3350 228 3414 luxuriae
245 3361 275 3412 et
290 3349 414 3410 sordium
432 3366 534 3409 novam
550 3354 733 3420 societatem
756 3369 829 3430 quae
845 3369 909 3412 cum
923 3353 979 3412 sint
995 3353 1099 3432 turpis·

94 3436 168 3498 sima
183 3436 308 3499 discreta
321 3451 355 3494 ac
370 3441 509 3513 separata,
526 3436 635 3513 turpius
652 3436 812 3512 iunguntur.
844 3433 926 3495 Vale.

62 1186 95 1238 10
