2584 3972
168 240 230 305 128
590 237 622 298 G.
645 237 742 300 vultu

127 401 223 460 lutat.
256 389 355 452 Tuitus
377 409 439 451 sum
459 389 560 451 lulium
573 390 708 469 Bassum,
729 399 760 450 ut
775 388 975 452 incustoditum
988 387 1070 447 nimis
1086 396 1116 447 et
1131 387 1175 446 in·

169 485 280 537 cautum
294 477 332 536 ita
347 477 460 536 minime
473 475 589 545 malum:
610 474 751 536 iudicibus
766 474 896 552 acceptis
909 474 938 532 in
949 480 1050 532 senatu
1062 488 1175 531 reman-

128 573 160 627 11
168 561 216 622 sit.
237 560 304 621 Dixi
319 561 446 639 proxime
461 576 514 638 pro
529 557 662 638 Vareno,
676 558 840 638 postulante
853 565 885 616 ut
900 557 955 617 sibi
966 557 1088 616 invicem
1100 571 1174 615 evo·

170 663 236 705 care
257 652 348 705 testes
370 642 488 711 liceret;
510 644 687 720 impetratum
709 651 762 706 est.
792 640 824 701 ln
846 649 995 720 posterum
1009 649 1078 717 opto
1093 648 1176 698 ntea

168 729 345 807 potissimum
360 726 459 787 iubear
475 743 548 804 quae
569 744 615 786 me
630 725 732 786 deceat
745 725 793 788 vel
813 733 918 804 sponte
939 723 1056 784 iecisse.
1088 720 1202 786 Valet

622 857 713 918 xxx.

344 955 371 1010 c.
391 941 516 1008 ruimus
533 956 661 1008 visuro
678 953 867 1007 ruosoonno
886 953 946 1006 suo
966 953 993 1004 s,

144 1079 159 1130 1
231 1064 378 1125 Debemus
392 1081 437 1123 me
450 1062 574 1124 Hercule
590 1063 699 1124 natales
713 1073 778 1125 tuos
793 1061 912 1143 perinde
923 1080 956 1122 ac
967 1069 1083 1123 nostros
1095 1060 1173 1124 cele·

168 1149 262 1226 brare,
280 1165 344 1208 cum
359 1147 465 1209 laetitia
481 1157 640 1208 nostrorum
655 1166 692 1208 ex
705 1149 760 1208 tuis
775 1145 913 1227 pendeat,
930 1147 1011 1207 cuius
1027 1145 1173 1223 diligentia
1182 1152 1219 1206 lo

143 1241 200 1297 tet
214 1249 282 1293 cura
295 1232 343 1311 lrio
357 1231 472 1310 lrilares,
487 1232 553 1294 istic
568 1231 663 1294 securi
678 1249 782 1292 sumus.
811 1230 884 1291 Villa
900 1228 1072 1308 Camilliana,
1090 1247 1174 1309 mam

168 1320 196 1377 in
218 1315 370 1396 Campania
395 1314 547 1396 possides,
573 1326 618 1377 est
643 1315 757 1396 quidem
775 1323 916 1376 vetustate
936 1323 1053 1384 vexata:
1078 1323 1174 1374 tamen

171 1419 245 1480 quae
266 1409 331 1460 sunt
350 1402 520 1480 pretiosiora
538 1409 586 1460 ant
606 1402 716 1479 integra
735 1409 848 1461 manent
868 1407 914 1461 aut
936 1397 1081 1459 levissime
1095 1397 1175 1458 laesa

142 1492 243 1548 esunt.
273 1483 453 1544 Attendimus
469 1500 540 1561 ergo
560 1492 591 1542 ut
606 1502 689 1562 qnam
704 1483 890 1544 saluberrime
906 1482 1074 1542 reficiantur.
1107 1480 1173 1559 Ego

168 1566 270 1627 videor
290 1566 398 1627 habere
416 1565 519 1628 multos
540 1569 664 1645 amicos,
686 1566 740 1628 sed
759 1567 842 1628 huius
864 1568 979 1644 generis
1002 1567 1082 1627 cuius
1099 1573 1128 1625 et
1141 1575 1219 1632 tuns

143 1652 283 1730 aquaeris
300 1658 329 1710 et
342 1668 390 1710 res
406 1652 495 1728 exigit
514 1668 606 1730 prope
620 1652 770 1712 neminem.
794 1651 864 1712 Sunt
880 1652 954 1711 eninr
970 1666 1069 1711 omnes
1082 1651 1174 1728 togati

171 1743 200 1794 et
219 1733 332 1796 urbani:
353 1736 523 1795 rusticorum
542 1745 635 1796 autern
656 1734 836 1814 praediorum
857 1733 1059 1795 administratio
1075 1735 1174 1812 poscit
1288 1739 1289 1808 l

171 1817 269 1877 durum
283 1817 405 1897 aliquem
417 1829 446 1880 et
461 1829 614 1896 agrestem,
631 1820 677 1879 cui
692 1836 747 1878 nec
761 1819 844 1880 labor
858 1819 907 1878 ille
922 1819 1018 1896 gravis
1033 1834 1090 1878 nec
1106 1833 1175 1878 cura
1288 1809 1289 1822 ¹

144 1901 283 1966 ssoroida
297 1919 353 1962 neo
365 1904 452 1963 tristis
469 1902 594 1964 solitudo
607 1901 744 1963 videatur.
771 1902 814 1962 l'u
830 1901 866 1962 de
880 1901 955 1962 linio
970 1901 1175 1962 honestissime

170 1987 294 2064 cogitas:
320 1985 372 2047 luit
394 1989 468 2047 enim
488 1987 545 2048 lilio
566 1995 615 2048 tuo
635 1986 788 2048 familiaris.
819 1985 895 2060 Quid
915 1995 1008 2046 tamen
1028 1985 1112 2047 nobis
1132 1985 1219 2046 intuo
1288 1985 1289 2044 ζ

169 2078 315 2148 praestare
331 2072 423 2150 possit
437 2073 550 2150 ignoro,
566 2071 642 2132 velle
657 2070 807 2149 plurimum
823 2070 920 2130 oredo.
951 2065 1032 2132 Vale.

297 2251 306 2266 ,,
617 2203 720 2265 xxxi.

409 2303 435 2352 o.
455 2303 579 2355 ruimus
599 2303 802 2355 connaumuo
822 2300 881 2354 suo
900 2301 928 2355 S.

146 2415 161 2464 1
231 2392 377 2464 Evocatus
392 2406 420 2463 in
434 2405 581 2465 consilium
595 2423 611 2465 a
629 2402 752 2466 Caesare
772 2413 870 2466 nostro
888 2404 924 2465 ad
939 2401 1059 2465 Centum
1073 2400 1215 2467 Gellasxt

144 2487 243 2566 2(lroc
253 2485 320 2547 loco
336 2485 453 2566 nomen)
469 2505 597 2566 magnam
613 2490 679 2569 cepi
692 2487 878 2567 voluptatem.
902 2487 977 2562 Quid
991 2488 1064 2549 enim
1074 2489 1176 2549 iucun-
1288 2501 1289 2576 t

171 2570 233 2631 dius
246 2588 328 2649 mam
346 2572 481 2650 principis
498 2572 631 2633 iustitiam
646 2574 813 2650 gravitatem
827 2574 987 2633 comitatem
1005 2573 1034 2632 in
1051 2589 1175 2634 secessu

170 2671 303 2735 quoque,
324 2653 372 2716 ubi
387 2657 507 2716 maxime
525 2655 724 2733 recluduntur,
747 2653 912 2736 inspicere?
934 2655 1059 2717 vuemnt
1077 2657 1175 2717 variae
1288 2687 1289 2690 ¹

172 2739 350 2818 cognitiones
367 2749 396 2802 ct
411 2758 483 2820 quae
497 2742 618 2802 virtutes
632 2740 733 2803 iudicis
748 2739 915 2820 perplures
930 2741 1047 2820 species
1058 2731 1174 2819 o'xperi·

144 2829 275 2884 arentur.
304 2823 383 2884 Dixit
398 2841 510 2884 causam
526 2822 659 2886 Claudius
675 2823 802 2903 Ariston,
819 2826 956 2905 princeps
968 2823 1172 2904 Ephesiorum,
1182 2836 1217 2893 3ο
1288 2855 1289 2876 ι

170 2907 255 2966 homo
275 2907 422 2967 munificus
437 2917 467 2968 et
480 2909 595 2969 innoxie
609 2908 771 2988 popularis:
792 2907 859 2969 inde
881 2908 985 2969 invidia
1003 2916 1033 2969 et
1052 2925 1068 2967 a
1090 2906 1174 2969 dissi·

170 2987 293 3050 millimis
315 2989 424 3051 delator
444 2992 594 3053 inmissus:
615 2993 711 3071 itaque
726 2991 872 3055 absolutus
885 2993 1102 3070 vindicatusque
1117 3001 1172 3052 est.
1288 3037 1289 3052 l

144 3071 308 3152 lSequenti
329 3074 375 3135 die
395 3073 489 3135 audita
511 3086 555 3138 est
578 3073 679 3137 Galitta
694 3075 824 3138 adulterii
839 3095 898 3142 rea.
928 3075 1023 3156 Nupta
1036 3075 1109 3135 haec
1124 3077 1174 3136 tri·
1288 3133 1289 3156 ,

169 3156 246 3217 huno
267 3157 385 3218 militum
404 3157 529 3222 honores
550 3161 674 3239 petituro
695 3169 725 3220 et
750 3179 829 3223 suam
850 3169 879 3220 et
897 3162 989 3222 mariti
1010 3159 1176 3238 dignitatem
1288 3219 1289 3228 ,

171 3243 344 3304 centurionis
364 3259 459 3304 amore
475 3244 678 3305 maculaverat:
700 3247 813 3306 maritus
829 3243 926 3323 legato
944 3243 1103 3322 consulari,
1122 3243 1219 3306 illeso
1288 3291 1289 3306 l

146 3319 288 3386 'acassam'
302 3327 467 3406 scripserat.
491 3325 598 3390 Gaesar
609 3331 741 3391 excussis
752 3329 967 3409 probationibus
979 3327 1177 3390 centurionem
1288 3333 1289 3404 1

171 3411 364 3471 exauctoravit
378 3411 471 3491 adque
492 3414 577 3474 etiam
597 3412 747 3492 relegavit.
781 3413 938 3492 Supererat
953 3412 1080 3487 crimini,
1098 3411 1177 3491 quod
1288 3411 1289 3424 ²

169 3493 224 3552 uisi
240 3491 358 3554 duorum
373 3512 439 3557 esse
458 3514 515 3559 non
529 3506 657 3577 poterat,
670 3496 780 3578 reliqna
794 3515 861 3577 pars
876 3496 1006 3559 ultionis:
1021 3494 1075 3558 sed
1088 3498 1176 3558 mari-
