2580 3970
183 243 248 310 ‘248
619 242 652 307 G.
667 242 765 305 PLlNl

182 411 251 460 tunc
266 415 381 478 quoque
393 396 504 458 invidus
518 397 688 477 imperator,
705 414 767 457 cum
780 414 837 476 ope
849 411 944 456 earum
957 395 1116 474 indigeret,
1128 406 1190 458 tan·

184 493 239 545 tam
254 483 464 543 admirationem
473 482 513 541 tui
527 499 583 541 non
592 482 654 540 sine
664 480 785 559 quodam
795 482 894 539 timore
904 481 1083 558 conceperit,
1101 498 1190 559 quau·

183 576 238 626 tam
252 565 301 627 ille
315 567 428 644 genitus
437 562 506 624 love
522 572 589 643 post
603 579 708 625 saevos
723 562 836 624 labores
853 561 978 641 duraque
992 563 1110 640 imperia
1122 567 1189 642 regi

183 667 236 711 suo
257 650 406 710 indomitus
428 664 543 726 semper
563 646 783 727 indefessosque
799 645 959 714 referebat;
980 645 1122 708 corneliis
1140 667 1188 708 su·

128 738 172 804 15
185 751 239 812 per
258 732 328 794 alias
348 731 576 811 expeditionibus
595 731 696 792 itinere
714 729 763 792 illo
785 730 886 808 dignus
906 729 1081 790 invenireris.
1124 729 1213 792 Tri-5

184 819 275 877 banus
290 832 360 876 vero
376 815 609 876 disiunctissimas
628 823 719 876 terras
737 815 844 876 teneris
854 811 957 872 -adhue
978 814 1056 874 annis
1071 812 1124 872 riri
1140 814 1187 874 lir-

182 902 277 962 mitate
292 899 435 976 lustrasti,
456 899 510 958 iam
530 908 597 959 trmc
611 906 813 976 praemonente
827 897 938 958 fortuna
952 905 982 957 ut
995 895 1042 956 diu
1059 898 1186 976 penitus·

183 1001 239 1062 que
254 983 436 1062 perdisceres
450 999 524 1060 quae
542 996 610 1042 mox
629 983 800 1060 praecipere
822 979 955 1041 deberes.
991 977 1094 1059 Neque
1109 983 1186 1041 enim

182 1068 371 1145 prospexisse
387 1073 479 1126 castra
493 1066 667 1143 brevemque
681 1065 806 1124 militiam
821 1065 901 1144 quasi
913 1065 1050 1126 transisse
1066 1073 1185 1124 conten·

183 1160 244 1227 tus,
265 1151 304 1210 ita
320 1151 405 1227 egisti
417 1148 559 1209 tribunum
573 1158 604 1209 nt
618 1165 686 1209 esse
706 1148 763 1208 dux
776 1150 870 1210 statim
883 1163 987 1226 posses
1002 1147 1128 1227 nihilque
1143 1147 1227 1214 di·1o

181 1232 319 1294 scendum
334 1232 456 1294 haberes
471 1243 601 1312 tempore
616 1231 745 1293 docendi.
780 1231 948 1309 cognovisti
968 1248 1022 1309 per
1041 1231 1184 1311 stipendia

182 1317 283 1379 decem
296 1334 391 1378 mores
412 1318 556 1394 gentium,
576 1317 725 1394 regionum
744 1317 833 1393 situs,
854 1314 1081 1394 opportunitates
1102 1313 1185 1376 loeo·

180 1419 258 1479 rum,
281 1411 310 1462 et
325 1401 464 1462 diversam
480 1418 613 1480 equarum
627 1399 756 1479 caelique
771 1400 939 1478 temperiem
953 1406 984 1458 ut
996 1400 1103 1477 patrios
1120 1399 1184 1460 iou·

179 1495 225 1546 tes
246 1486 422 1564 patriumque
445 1484 523 1545 sidus
544 1484 620 1544 ierre
636 1485 790 1544 consuesti.
827 1481 966 1556 Quotiens
980 1497 1090 1560 equos,
1112 1500 1183 1560 quo·

180 1569 254 1629 tiens
276 1571 392 1628 emerita
411 1585 487 1629 arma
505 1567 633 1629 mutasti!
668 1566 771 1628 Veniet
786 1583 857 1644 ergo
870 1575 984 1644 tempus
999 1583 1055 1644 quo
1069 1567 1181 1644 posteri
1193 1575 1224 1628 15

179 1655 276 1713 risere
296 1650 502 1730 risendnmque
520 1649 634 1712 tradere
654 1651 809 1711 minoribus
829 1651 889 1711 suis
906 1651 1032 1727 gestient
1047 1651 1110 1729 quis
1132 1667 1183 1710 sn-

180 1737 265 1797 dores
285 1743 350 1796 tuos
371 1733 496 1795 hauserit
519 1750 652 1812 campus,
679 1751 751 1813 quae
773 1733 949 1796 relectiones
970 1742 1032 1794 tuas
1051 1734 1181 1811 arbores,
1275 1721 1276 1796 i

180 1838 253 1899 quae
269 1836 396 1881 somnum
410 1835 478 1879 saxa
493 1819 700 1898 praetexerint,
717 1817 793 1897 quod
809 1817 932 1896 deniqne
948 1825 1055 1878 tectum
1063 1835 1182 1894 magnus
1275 1813 1276 1840 ³

179 1903 287 1983 hospes
302 1901 474 1983 inpleveris,
489 1911 520 1962 ut
536 1912 604 1963 tunc
616 1902 676 1980 'ipsi
692 1903 743 1963 tibi
757 1903 911 1980 ingentium
926 1900 1028 1960 ducum
1043 1919 1181 1962 sacrave·

179 1989 263 2065 stigio
286 1987 377 2048 isdem
399 1990 427 2047 in
452 1987 526 2048 locis
547 1985 780 2048 monstrabantur.
823 1984 930 2046 Verum
950 1984 1023 2045 haec
1045 1983 1128 2046 olim:
1154 1987 1223 2050 inho

179 2073 340 2148 praesentia
355 2070 484 2150 quidem,
501 2071 631 2150 quisquis
642 2068 727 2150 paulo
739 2071 880 2131 vetustior
890 2067 991 2147 miles,
1006 2068 1052 2128 hic
1064 2075 1093 2128 te
1105 2085 1182 2128 corn·

178 2153 304 2216 militene
317 2165 461 2216 censetur.
484 2153 595 2228 Quotus
607 2157 680 2215 enirn
691 2156 813 2233 quisque
825 2154 905 2213 cuius
915 2162 946 2213 ιιι
957 2169 1014 2212 ιιοιι
1024 2161 1091 2212 ante
1104 2169 1181 2213 eom·

178 2237 266 2298 milito
283 2255 365 2318 quam
381 2235 554 2318 imperatori
589 2238 658 2300 lnde
681 2248 725 2298 est
747 2236 825 2317 quod
845 2254 938 2315 prope
953 2253 1053 2297 omnes
1067 2236 1181 2296 nomine

178 2322 325 2401 appellas,
352 2322 429 2399 qnod
449 2321 624 2398 singulorum
644 2321 727 2382 fortia
747 2322 821 2382 iactu
836 2337 1045 2390 conmemoras;
1062 2338 1118 2381 uec
1133 2320 1180 2380 ha·

178 2405 246 2465 bent
264 2404 468 2464 adnumeranda
483 2404 535 2464 tibi
554 2422 607 2483 pro
626 2423 659 2464 ro
679 2403 793 2482 publica
807 2403 940 2481 vulnera,
969 2403 1071 2482 quibus
1087 2405 1180 2464 statim
1188 2410 1221 2463 ιδ

179 2497 208 2548 et
223 2486 351 2548 laudator
365 2496 394 2548 et
408 2488 490 2548 testis
507 2487 661 2564 contigisti.

128 2582 168 2645 16
242 2571 301 2632 Sed
323 2580 401 2633 tanto
422 2572 512 2648 magis
532 2569 720 2648 praedicanda
739 2570 896 2632 moderatio
915 2578 978 2646 tua,
1002 2568 1080 2649 quod
1100 2570 1179 2628 innu-

179 2657 260 2716 tritus
282 2654 396 2717 bellicis
416 2654 546 2715 laudibus
566 2671 668 2734 paoem
686 2671 779 2731 ernas,
807 2671 863 2715 nec
883 2656 948 2732 quia
968 2653 1016 2713 rel
1031 2661 1113 2733 pater
1128 2654 1179 2713 tibi

176 2739 351 2819 triumphalis
372 2738 420 2800 vel
445 2739 605 2817 adoptionis
619 2747 683 2799 tuae
698 2739 744 2798 die
760 2736 853 2799 dicata
868 2735 1030 2815 Capitolino
1043 2735 1106 2798 Iovi
1119 2736 1178 2796 lau·

175 2842 241 2901 rus,
258 2823 367 2885 idcirco
383 2842 419 2884 ex
433 2824 587 2885 occasione
601 2823 675 2883 omui
691 2822 802 2900 quaeris
817 2820 985 2898 triumphos.
1015 2819 1080 2881 Non
1095 2821 1219 2880 times-id

175 2906 253 2968 bella
266 2925 321 2967 nec
337 2924 490 2987 provocas.
510 2905 642 2985 llagnnm
653 2915 708 2984 est,
725 2907 878 2985 imperator
890 2905 1034 2982 Auguste,
1048 2922 1179 2982 mqgnum

176 2997 221 3050 cst
237 2998 312 3050 stare
328 2992 355 3049 in
370 2989 490 3051 Danubii
505 2993 582 3069 ripa,
608 2992 632 3051 si
652 2998 796 3067 transeas,
823 2998 931 3052 certum
948 2987 1098 3068 triumphi,
1123 3005 1179 3047 nee

178 3072 326 3134 decertare
352 3090 460 3152 cupere
485 3092 548 3135 curn
568 3075 780 3142 recusantibus;
801 3090 919 3152 quorum
934 3071 1053 3134 alterum
1067 3070 1178 3133 lortitu·
1274 3065 1275 3080 ¹

176 3156 258 3235 dine,
286 3155 405 3218 altermn
424 3156 616 3219 moderatione
636 3157 768 3218 eflicitur.
805 3156 875 3218 Nam
897 3165 927 3216 ut
948 3159 1012 3235 ipse
1031 3154 1106 3217 nolis
1126 3173 1178 3235 pu·

174 3257 282 3318 gnare,
310 3241 480 3320 moderatio,
507 3241 643 3302 fortitudo
665 3251 712 3301 tua
726 3250 852 3319 praestat
866 3249 1006 3318 utreque
1020 3237 1121 3300 hostes
1138 3239 1176 3300 tui
1185 3247 1219 3300 ³5

213 3322 273 3384 lint.
307 3325 441 3404 Accipiet
456 3343 527 3402 ergo
547 3325 696 3405 aliquando
712 3323 883 3403 Capitolium
896 3342 953 3386 non
970 3325 1098 3386 mimicos
1114 3341 1178 3384 cur·

173 3432 223 3476 ms
239 3424 295 3467 nec
310 3407 399 3469 falsae
415 3408 564 3469 simulacra
578 3411 732 3486 victoriae,
749 3408 802 3468 sed
818 3409 1019 3486 imperatorem
1032 3425 1130 3468 reram
1143 3424 1177 3467 ac

174 3498 299 3560 solidam
314 3490 432 3570 gloriam
451 3501 641 3571 reportantem
660 3491 890 3572 tranquillitatem
913 3501 942 3552 et
965 3501 1022 3552 tarn
1043 3491 1178 3554 confessa
