2584 3972
407 283 669 345 EPISTULARUM
683 282 746 344 VII.
768 297 792 347 5.
809 295 836 348 6.
1064 283 1124 346 135

122 439 225 500 iudIeio
245 436 362 516 loquor;
386 441 448 518 qui,
471 441 534 500 siue
554 436 678 498 iudicant
695 438 757 498 siue
774 447 885 516 emant,
908 456 953 500 me
973 436 1124 498 delectant.

121 523 211 668 pipptm
227 538 349 666 prppor,
371 531 402 582 ut
420 524 531 601 posteri
551 539 665 600 qnoque
681 530 729 580 ant
744 530 839 582 errent
853 522 980 583 similiter
992 529 1041 580 aut
1054 520 1125 580 iudi-
1193 609 1196 613 .

604 739 639 800 V.

357 839 384 888 C.
403 837 528 889 PLINIUS
548 837 751 890 CALPURNIAE
767 837 850 888 SUAE
866 836 892 890 S.
961 887 962 892 ,

95 791 110 840 b

182 941 354 1003 Incredibile
367 951 412 1002 est
432 951 535 1021 quanto
552 939 695 1002 desiderio
711 943 750 1003 tni
768 951 877 1003 tenear.
899 941 930 1003 In
943 959 1028 1005 causa
1042 961 1121 1005 amor
1129 960 1145 1012 1

120 1029 256 1107 primmn,
288 1024 391 1085 detnde
417 1025 493 1104 quod
517 1030 572 1084 non
601 1028 802 1086 oonsuerImus
829 1027 942 1088 abesse.
979 1023 1048 1089 lude
1078 1038 1124 1091 est

121 1109 198 1189 quod
212 1127 339 1186 magnam
348 1111 474 1170 noctium
486 1116 594 1189 partem
604 1109 632 1166 in
643 1108 764 1187 imagine
783 1119 831 1170 tua
845 1111 914 1188 vigil
934 1113 1038 1191 exigo,
1058 1111 1123 1172 inde

78 1194 196 1274 loquod
211 1192 331 1253 interdiu
349 1193 450 1271 quibus
465 1193 544 1252 boris
563 1200 592 1251 te
607 1193 703 1252 risere
718 1192 846 1256 solebam
859 1194 894 1253 ad
911 1195 1031 1257 diaetam
1049 1203 1124 1256 tuam

119 1279 175 1358 ipsi
190 1293 245 1354 me,
261 1285 292 1336 ut
305 1278 456 1337 verIssirne
468 1275 585 1352 dicitur,
605 1275 695 1352 pedes
710 1275 829 1352 ducunt,
849 1278 926 1356 quod
940 1278 1062 1358 denique
1076 1297 1123 1340 ae-

119 1379 173 1440 ger
185 1369 215 1420 et
227 1368 350 1421 maestus
366 1378 400 1422 ao
412 1361 510 1422 similis
522 1359 642 1420 excluso
658 1377 775 1420 aracuo
787 1360 882 1421 limine
896 1361 1011 1422 recedo.
1033 1361 1123 1423 Unum

118 1455 232 1525 tempus
243 1445 287 1505 bis
306 1447 452 1506 tormentis
470 1452 563 1521 caret,
582 1459 639 1521 quo
653 1445 681 1503 in
694 1443 759 1504 iom
770 1447 924 1505 amicorum
939 1445 1036 1506 litibus
1055 1463 1123 1506 eon·

118 1539 207 1590 teror.
236 1529 363 1590 Aestima
377 1539 407 1590 tu
423 1548 495 1608 quac
509 1531 566 1589 vita
577 1531 706 1608 meabit,
730 1530 776 1589 oui
794 1530 910 1609 requies
924 1531 953 1589 iu
966 1529 1076 1606 labore,
1092 1531 1146 1593 Ina

79 1615 231 1674 lomiseria
247 1615 380 1692 curisque
392 1613 537 1674 solacium.
569 1610 653 1671 Vale.

505 1745 511 1750 ’
586 1746 634 1807 vl.

398 1845 425 1895 o.
442 1845 567 1898 ruinius
586 1844 733 1898 ulcorra
751 1845 810 1896 suo
827 1843 853 1894 s,

182 1941 256 2003 Ilara
271 1952 300 2002 et
314 1943 445 2003 notabilis
460 1962 507 2004 res
521 1944 634 2007 Vareno
650 1945 778 2022 contigit,
793 1945 830 2004 sit
840 1943 909 2004 lieet
921 1944 1012 2004 adbuc
1027 1944 1147 2008 dubia.1

75 2027 233 2104 soltitbyni
248 2028 459 2088 accusationem
475 2030 535 2089 eius
557 2039 590 2089 nt
612 2039 720 2088 temere
742 2027 900 2088 Inchoatan
915 2029 1046 2086 omisisse
1060 2046 1122 2087 nar·

118 2121 223 2172 rantur.
256 2109 409 2171 Narrantur
430 2108 515 2172 dico?
540 2110 621 2172 adest
635 2113 798 2191 provinciae
818 2110 945 2187 legatus,
967 2109 1058 2171 attulit
1073 2110 1123 2170 de·

120 2205 229 2256 cretum
245 2193 357 2255 concilii
372 2193 408 2254 ad
422 2193 584 2273 Gaesarem,
601 2194 691 2256 attulit
705 2192 740 2254 ad
752 2193 855 2254 multos
870 2194 1015 2273 prIncipes
1031 2195 1119 2271 viros,

119 2279 213 2340 attulit
224 2280 307 2338 etiam
318 2279 354 2338 ad
370 2296 433 2354 nos,
449 2276 552 2339 Vareni
567 2278 729 2342 advocatos.
751 2276 861 2339 Perstat
875 2286 968 2337 tamen
982 2276 1056 2338 idern
1070 2278 1146 2341 nllea

118 2363 255 2442 Magnum
272 2363 339 2441 quin
354 2364 438 2422 etiam
448 2361 610 2441 Nigrinum,
627 2363 764 2440 optimum
775 2364 879 2436 virum,
898 2361 1122 2440 pertiuacissIme

75 2455 110 2507 25
119 2456 247 2508 exercet.
266 2446 321 2507 Per
331 2446 407 2506 buno
421 2463 438 2506 a
453 2447 617 2507 consulibus
629 2445 789 2526 postulabat
803 2455 834 2504 ut
847 2444 974 2506 Varenus
987 2446 1123 2506 exhibere

117 2534 244 2593 rationes
266 2539 427 2608 cogeretur.
458 2530 638 2591 Adsistebant
653 2530 765 2590 Vareno
781 2531 836 2589 lam
850 2536 955 2589 tantum
973 2533 1147 2592 utamious3

118 2625 149 2676 et
164 2626 262 2677 tacere
278 2615 473 2676 decreveram.
492 2612 578 2674 'Nihil
593 2616 668 2673 enirn
681 2623 737 2674 tam
752 2614 920 2673 contrarium
935 2630 1017 2689 quarn
1033 2615 1057 2672 si
1075 2613 1122 2673 ad·

117 2707 239 2760 vocatus
256 2716 272 2758 a
291 2706 389 2758 senatu
404 2697 485 2758 datus
506 2696 689 2758 defenderem
703 2705 733 2756 ut
748 2713 828 2756 reum
844 2698 890 2754 eui
905 2713 978 2773 opus
993 2705 1122 2755 essetne

116 2800 187 2843 reus
202 2779 353 2841 videretur.
378 2780 449 2841 cun
466 2790 558 2842 tannen
573 2781 648 2842 linita
664 2780 854 2858 postulatione
866 2778 974 2856 Nigrini
987 2777 1148 2841 consulesi

74 2865 155 2934 soad
167 2884 214 2924 me
228 2865 327 2925 oculos
341 2865 521 2942 retulissent,
544 2867 666 2925 ‘scietis'
687 2867 799 2942 inquam
815 2868 960 2922 ‘constare
981 2861 1064 2922 nobis
1086 2864 1123 2920 si-

117 2949 200 3010 lentii
214 2950 302 3029 nostri
317 2951 465 3026 rationem,
480 2967 544 3009 curn
561 2965 646 3009 veros
656 2948 768 3025 legatos
779 2947 943 3025 provinciae
954 2943 1122 3005 audieritis.’

118 3033 229 3094 Contra
249 3031 383 3110 ngrinus
399 3033 448 3092 ‘ad
464 3050 548 3110 quern
563 3034 642 3092 mIssi
665 3026 766 3091 suntl’
786 3029 851 3108 Ego
865 3029 912 3089 ‘ad
927 3046 973 3088 me
991 3045 1123 3109 quoque;

117 3117 216 3177 babeo
236 3115 383 3176 decretum
404 3119 588 3194 prorInoiae.’
612 3113 721 3176 Rursus
737 3113 786 3174 ille
798 3119 907 3193 ‘potest
922 3113 973 3172 tibi
987 3112 1146 3191 ltqnere.’o

116 3200 165 3260 Ad
178 3200 237 3260 boc
252 3217 307 3278 ego
323 3202 360 3260 ‘si
375 3201 427 3261 tibi
443 3218 479 3260 ex
493 3198 606 3260 diuerso
624 3199 729 3278 liquet,
747 3205 844 3277 potest
861 3194 972 3256 etmihi
988 3195 1064 3274 quod
1079 3203 1124 3255 cst

73 3295 108 3350 ts
119 3283 224 3346 melius
243 3285 375 3363 liquere!
404 3283 475 3343 'Inrn
489 3283 600 3362 legatus
615 3282 773 3358 Polyaenus
790 3299 890 3343 causas
903 3277 1026 3340 abolitae
1040 3287 1148 3342 acon-d

117 3370 238 3430 sationis
261 3370 393 3446 exposuit
414 3367 624 3447 postulavitque
653 3385 690 3426 ne
710 3365 865 3444 cognitioni
891 3361 1022 3424 Caesaris
1043 3381 1125 3443 prae·

118 3453 256 3514 iudicium
271 3451 362 3513 lieret.
381 3451 540 3530 Respondit
553 3450 672 3528 llagnus
688 3453 846 3527 iterumque
860 3446 1031 3523 Polyaenus.
1056 3445 1124 3524 Ipso

116 3553 184 3597 raro
199 3545 228 3596 et
245 3537 372 3596 breviter
385 3535 585 3612 interlocutus,
602 3532 718 3594 multum
734 3551 780 3593 me
798 3535 868 3593 intra
883 3531 1023 3591 silentiam
1036 3529 1126 3590 tenui.
