2584 3972
391 299 654 363 EPISTULARUM
675 302 741 364 llll.
761 313 788 368 8.
803 313 829 369 9·
1073 305 1113 372 71

104 454 177 536 ipsis
191 467 292 531 magna
307 461 398 530 eraut,
417 453 542 515 dicerem
556 453 592 514 de
609 456 818 534 conspiratione
835 455 1008 538 delatomm,
1028 474 1137 538 quam5

104 542 134 600 in
152 546 274 616 quaestu
294 536 452 614 habebant,
479 538 606 598 dicerem
631 557 732 602 causas
753 541 858 618 quibus
879 541 1111 604 factiosissimum

104 638 267 703 quemque,
288 629 319 680 ut
335 619 413 680 illum
434 623 527 700 ipsum
541 620 753 702 Theophanen,
775 624 954 686 offendisset.
985 623 1114 688 Eundem

103 724 152 767 me
173 703 305 765 voluerat
326 721 481 765 occurrere
503 706 611 766 crimini
633 724 689 785 quo
718 709 838 768 maxime
864 709 1056 788 premebatur.
1081 709 1115 770 ln

80 788 170 856 saliis
191 789 267 849 enim
282 790 408 867 mamus
424 789 520 850 auditu
534 791 713 868 gravioribus
733 807 789 851 non
803 791 1014 854 absolutionem
1028 793 1113 855 modo

52 867 57 882 ¹
105 889 209 934 verum
224 873 307 932 etiam
321 871 432 932 laudem
446 872 624 953 merebatur,
646 874 703 935 boc
720 873 800 934 illum
815 876 951 938 onerabat
967 877 1044 955 quod
1059 878 1137 942 bo·6

103 975 151 1018 mu
169 955 294 1036 simplex
313 964 344 1016 et
366 957 496 1018 incautus
513 958 651 1035 quaedam
670 977 687 1018 a
708 960 932 1037 prouincialibus
952 969 982 1020 ut
1003 963 1111 1023 amicus

104 1048 269 1121 acceperat.
291 1038 362 1100 Nam
376 1040 468 1102 luerat
482 1041 511 1100 in
524 1042 624 1102 eadem
641 1044 788 1121 provincia
803 1054 949 1123 quaestor.
972 1043 1051 1106 llaec
1066 1063 1113 1105 ac·

104 1134 256 1186 cusatorcs
275 1123 349 1184 iurta
371 1133 400 1184 et
414 1125 539 1203 rapinas,
555 1127 620 1203 ipse
634 1142 749 1187 munera
763 1129 901 1188 vocabat:
925 1127 978 1190 sed
993 1127 1042 1189 lex
1054 1146 1114 1187 mn·

65 1225 97 1278 10
104 1227 176 1270 uera
187 1224 303 1287 quoque
320 1209 413 1288 accipi
428 1217 515 1269 vetat.
536 1207 590 1269 Hic
604 1228 661 1288 ego
678 1210 746 1288 quid
762 1229 888 1289 agerem,
904 1211 982 1291 quod
995 1213 1051 1273 iter
1064 1212 1140 1276 de·'l

105 1294 247 1355 lensicnis
260 1288 449 1369 ingrederer?
462 1289 627 1370 Negarem?
640 1293 763 1354 verebar
776 1313 813 1354 ne
824 1295 908 1374 plane
919 1295 1023 1355 lurtum
1033 1296 1114 1356 vide·

103 1385 186 1437 retur
207 1375 284 1456 quud
306 1376 435 1436 confiteri
453 1374 592 1436 timerem.
621 1376 773 1438 Praeterea
787 1396 847 1438 rem
861 1378 1038 1439 manifestam
1053 1379 1113 1440 inll-

104 1462 169 1520 tiari
184 1460 316 1537 augentis
332 1468 392 1520 erat
407 1461 524 1537 crimen,
541 1478 598 1520 non
616 1459 761 1538 diluentis,
778 1464 949 1540 praesertim
967 1480 1031 1521 cum
1045 1479 1114 1524 reus

104 1547 172 1624 lpse
187 1542 258 1604 nibil
278 1544 420 1621 integrum
441 1543 587 1605 advocatis
603 1543 780 1622 reliquisset.
813 1544 911 1608 llultis
933 1547 1006 1606 enim
1027 1557 1113 1626 atque

67 1641 96 1693 15
106 1629 193 1688 etiam
215 1627 339 1708 principi
360 1626 468 1688 dinemt
488 1627 551 1689 sola
570 1647 603 1688 se
623 1628 790 1690 munuscula
805 1629 946 1691 dumtaxat
960 1629 1044 1691 natali
1060 1646 1113 1690 suo

105 1721 153 1772 aut
169 1709 363 1772 Saturnalibus
378 1712 531 1790 accepisse
548 1721 578 1772 et
595 1711 742 1790 plerisque
758 1715 884 1775 misisse.
905 1713 1023 1774 Veniam
1039 1722 1136 1791 erg08

106 1791 259 1875 peterem?
280 1794 455 1873 iugulassem
474 1812 570 1873 reum,
593 1814 678 1875 quem
694 1799 732 1856 ita
748 1796 905 1877 deliquisse
923 1797 1113 1858 concederem

104 1890 136 1941 ut
155 1879 264 1940 servari
279 1880 333 1940 nisi
347 1881 430 1939 uenia
446 1897 504 1940 non
518 1889 628 1958 posset.
662 1879 814 1960 Tamquam
828 1891 910 1942 recte
925 1881 1031 1942 lactum
1050 1891 1112 1940 tue·

105 1959 174 2024 rer?
188 1979 245 2023 uon
259 1961 302 2021 illi
318 1963 504 2041 profuissem,
521 1963 573 2025 sed
587 1966 651 2043 ipse
667 1964 807 2043 inpudens
820 1967 988 2026 extitissem.
1013 1964 1045 2025 ln
1058 1964 1138 2031 bacb

65 2045 273 2108 ‘todillicultate
295 2045 539 2126 placuit'medium
560 2048 691 2126 quiddam
710 2057 826 2108 tenere:
852 2048 955 2108 videor
973 2050 1112 2108 tenuisse.

104 2132 260 2192 Actionem
273 2148 380 2209 meam,
397 2140 427 2191 ut
440 2130 550 2212 proelia
566 2129 657 2208 solet,
680 2147 737 2209 pox
752 2131 871 2191 diremit.
895 2129 1019 2208 Egeram
1036 2130 1114 2191 horis

105 2215 199 2277 tribus
213 2223 243 2274 et
256 2213 384 2293 dimidia,
406 2224 556 2294 supererat
573 2213 752 2293 sesquihora.
784 2213 855 2275 Nam
872 2232 936 2275 cum
951 2234 967 2275 e
983 2214 1051 2292 lege
1067 2232 1114 2274 ac·

107 2308 225 2360 cusator
234 2316 287 2359 sex
300 2298 403 2375 boras,
425 2316 528 2359 novem
548 2317 616 2360 reus
637 2299 818 2378 accepisset,
839 2300 878 2359 ita
894 2298 1030 2360 diviserat
1044 2307 1114 2359 tem-

107 2401 179 2462 pora
192 2400 260 2443 reus
278 2384 411 2442 interme
429 2391 458 2442 et
473 2400 538 2442 euru
554 2383 602 2462 qui
618 2382 744 2444 dicturus
755 2391 823 2462 post
834 2393 906 2460 erat,
920 2393 952 2444 ut
964 2400 1022 2460 ego
1033 2382 1115 2461 quin-

65 2466 271 2546 sequebaris,
287 2466 337 2527 ille
350 2466 470 2545 reliquis
484 2475 621 2551 uteretur.
643 2465 712 2526 blibi
723 2485 878 2529 successus
893 2468 1012 2529 actionis
1028 2467 1114 2529 silen·
1124 2475 1157 2526 lo

106 2553 177 2610 tium
194 2551 334 2628 finemque
359 2549 505 2611 suadebat.
537 2550 728 2612 Temerarium
745 2561 790 2613 est
810 2553 884 2612 enim
904 2551 1037 2612 secundis
1057 2567 1115 2610 non

108 2653 177 2696 esse
193 2643 366 2694 contentum.
391 2633 438 2694 Ad
451 2635 507 2695 hoc
525 2635 648 2695 verebar
660 2653 697 2696 ne
711 2653 757 2696 me
775 2637 904 2715 corporis
918 2636 996 2695 vires
1011 2635 1115 2695 iterato

107 2718 209 2779 labore
235 2718 420 2796 desererent,
449 2735 533 2797 quem
554 2718 699 2779 dillicilius
725 2729 770 2780 est
794 2728 929 2798 repetere
951 2734 1032 2797 quam
1053 2718 1114 2776 iun-

107 2820 189 2880 gere.
223 2800 292 2862 Erat
314 2804 397 2862 etiam
411 2801 569 2882 periculum
585 2821 622 2862 ne
635 2801 748 2881 reliqua
761 2806 836 2863 actio
853 2820 916 2863 mea
931 2811 959 2862 et
975 2801 1065 2878 frigus
1083 2809 1115 2861 ut
1124 2811 1157 2864 11

68 2886 242 2964 anteposita
253 2895 283 2946 et
293 2885 415 2947 taedium
426 2895 456 2946 ut
464 2895 609 2966 resumpta
621 2895 777 2964 pateretur.
790 2886 828 2947 Ut
840 2887 915 2947 enim
926 2887 1005 2948 laces
1020 2886 1117 2964 ignem

107 2969 223 3031 adsidua
240 2970 430 3033 concussione
448 2970 627 3045 custodiunt,
641 2970 786 3031 dimissum
799 2971 958 3048 aegerrime
972 2979 1115 3051 reparant,

107 3055 151 3116 sic
166 3063 197 3114 et
211 3053 334 3117 dicentis
350 3053 429 3115 calor
446 3063 476 3116 et
495 3055 635 3115 audientis
655 3055 776 3115 intentio
794 3055 1005 3115 continuatione
1020 3070 1116 3114 serva·

108 3138 391 3218 tun-intercapedine
406 3147 436 3200 et
450 3140 530 3220 quasi
547 3140 719 3200 remissione
735 3137 905 3217 languescit.
937 3136 995 3198 Sed
1008 3136 1114 3197 bassos
1125 3145 1159 3199 lt

108 3221 206 3282 multis
228 3223 382 3302 precibus,
403 3241 496 3303 paene
516 3224 600 3282 etiam
620 3221 744 3283 lacrimis
774 3221 945 3283 obsecrabat
965 3219 1116 3298 implerem

70 3313 204 3368 demeum
218 3315 341 3386 tempus.
374 3305 456 3367 Parui
471 3305 676 3384 utilitatemque
698 3308 759 3367 eius
776 3305 898 3384 praetuli
912 3322 1002 3365 meae.
1036 3303 1115 3364 Bene

111 3391 217 3452 cessit:
244 3391 340 3451 inveni
365 3391 403 3451 ita
424 3398 539 3452 erectos
561 3391 669 3452 animos
695 3399 826 3467 senatus,
855 3391 894 3451 ita
921 3397 1057 3450 recentes
1084 3396 1115 3447 ut

109 3475 207 3552 priore
227 3474 340 3535 actione
360 3475 470 3536 incitati
485 3476 574 3552 magis
589 3493 672 3553 quam
686 3477 777 3536 satiati
792 3473 965 3534 uiderentur.
991 3471 1114 3531 Succes·
1125 3477 1160 3532 13

109 3555 146 3618 slt¹
159 3555 229 3617 milri
244 3557 386 3620 Lucceius
402 3558 540 3638 Albinus,
562 3569 618 3619 tam
638 3568 704 3637 apte
726 3567 756 3618 ut
776 3559 918 3618 orationes
937 3563 1052 3615 nostrae
1066 3569 1114 3614 va·
