2580 3970
410 258 675 322 senseramus
692 270 736 327 69.
749 269 792 325 70.
804 270 847 326 71.
1075 260 1138 325 283

134 431 195 473 mae
215 411 322 472 reditus
338 414 456 490 egregia
472 413 674 474 constitutione
689 412 864 474 fundauerat.
892 409 953 475 lloe
966 416 1075 476 senatui
1089 414 1137 475 ad·

134 495 284 574 legandum
299 497 412 572 putasti.
451 493 510 556 Gur
523 498 598 556 enim
612 506 641 556 te
658 498 805 576 principe,
830 499 877 576 qui
890 500 1007 575 generis
1023 499 1062 558 tui
1081 498 1138 559 ela·

133 584 245 641 ritatem
265 580 367 641 virtute
390 581 549 658 superasti,
576 580 702 641 deterior
724 589 804 642 esset
825 580 948 643 conditio
970 598 1067 642 eorum
1088 583 1137 661 qui

132 673 267 744 posteros
288 663 394 724 babere
411 662 524 725 nobiles
540 674 717 725 mererentur
732 681 813 742 quam
829 682 926 725 eorum
942 667 990 744 qui
1004 674 1137 744 parentes

107 744 318 811 5babuissentl
347 746 371 807 0
387 756 418 807 te
436 747 550 824 dignum
565 749 613 826 qui
627 747 662 808 de
676 748 885 826 magistratibus
901 750 1006 810 nostris
1021 767 1137 828 semper

133 833 204 892 haee
221 831 349 908 nunties,
375 849 430 890 nee
450 832 552 910 poenis
566 830 702 891 malorum
716 831 768 892 sed
784 832 922 892 bonorum
937 834 1068 910 praemiis
1085 833 1136 892 bo·

134 933 186 976 noa
201 913 304 974 ineias!
326 916 463 974 Aeeensa
474 924 519 975 est
534 917 681 992 iuventus,
700 916 848 993 erexitque
862 918 971 977 animos
990 915 1026 976 ed
1041 917 1136 978 aelnu·

133 999 244 1059 landum
257 997 334 1076 quod
349 998 455 1058 laudari
468 998 599 1075 videbat,
615 1017 671 1059 neo
681 998 734 1059 luit
744 1001 893 1078 quisquam
903 1018 987 1077 quem
997 1017 1055 1061 non
1065 1000 1138 1060 baee

134 1083 269 1161 cogitatio
285 1081 410 1158 subiret,
427 1099 492 1143 oum
508 1082 613 1160 seiret,
630 1081 764 1161 quidquid
779 1100 794 1142 a
809 1101 924 1162 quoque
938 1086 966 1144 in
983 1085 1137 1163 provinoiis

90 1167 208 1231 lobene
230 1167 329 1244 lieret,
351 1167 443 1226 omnia
462 1175 492 1226 te
513 1167 600 1226 seira.
636 1165 712 1226 Utile
735 1176 797 1242 est,
819 1164 943 1244 Caesar,
967 1177 996 1228 et
1015 1166 1138 1228 salutare

132 1249 310 1330 praesidibus
325 1251 532 1327 provinciarum
551 1249 624 1310 hano
638 1248 745 1310 babere
760 1248 905 1328 tidueiam,
928 1260 1055 1330 paratum
1070 1269 1137 1311 esse

132 1334 273 1395 sanotitati
284 1341 314 1392 et
324 1333 477 1394 industriae
489 1351 558 1394 suae
568 1333 716 1392 maximum
728 1335 899 1412 praemium,
917 1332 1049 1394 iudieium
1060 1336 1135 1413 prin-

133 1419 223 1496 oipis,
251 1417 415 1494 suffragium
434 1418 582 1496 principis.
613 1415 715 1477 Adbue
736 1425 831 1478 autem
851 1417 1003 1496 quamlibet
1024 1419 1135 1479 sineera

131 1510 268 1580 reeteque
282 1502 410 1579 ingenia,
432 1502 487 1560 etsi
508 1517 564 1560 non
585 1498 787 1579 detorquebat,
811 1501 963 1562 hebetabat
977 1511 1071 1563 tamen
1085 1503 1135 1561 mi·

91 1597 197 1651 ldsera
219 1583 272 1644 sed
286 1602 354 1643 vera
375 1585 535 1661 reputatio,
563 1582 656 1644 ‘vides
678 1585 766 1644 enirn:
796 1587 821 1645 si
842 1584 910 1664 quid
931 1585 1133 1659 benefecero,

132 1671 205 1731 soiet
219 1664 345 1729 Caesar?
367 1675 414 1727 aut
436 1669 460 1728 si
479 1668 594 1743 seierit,
615 1670 806 1728 testimouium
826 1667 961 1730 reddet’i
979 1667 1020 1729 lta
1035 1669 1135 1730 eadem

132 1753 179 1813 illa
193 1769 245 1811 seu
259 1750 443 1828 neglegentia
457 1769 510 1812 seu
523 1751 681 1829 malignitas
695 1754 868 1832 principum,
892 1771 955 1814 eum
975 1752 1048 1813 male
1066 1769 1134 1813 eon-

131 1835 214 1897 sultis
234 1837 434 1913 inpunitatem,
454 1844 535 1896 reete
551 1834 634 1896 laetis
648 1835 755 1895 nullum
768 1839 924 1914 praemium
937 1835 1134 1913 polliceretur,

132 1937 186 1980 nee
207 1917 272 1979 illos
291 1937 307 1978 a
328 1919 445 1978 erimine
474 1927 503 1978 et
520 1919 573 1978 bos
594 1918 757 1980 deterrebat
777 1937 793 1978 a
813 1919 906 1979 laude.
937 1919 977 1980 At
991 1937 1083 1996 nune,
1110 1921 1134 1980 si

86 2005 207 2069 ebbena
220 2000 321 2080 aliquis
336 2003 509 2081 provinciam
528 2004 652 2078 rexerit,
672 2002 738 2062 buie
754 2005 880 2081 quaesita
894 2003 998 2063 virtute
1014 2002 1135 2080 dignitas

131 2088 260 2147 offertur.
291 2084 372 2146 Patet
393 2087 467 2145 enim
485 2086 613 2145 omnibus
628 2085 745 2147 bononis
767 2095 798 2146 at
817 2084 927 2163 gloriae
946 2103 1078 2164 campus:
1100 2104 1136 2146 ex

130 2171 187 2232 hoo
202 2171 323 2250 quisque
338 2168 415 2248 quod
431 2171 510 2247 eupit
525 2178 620 2247 petat,
643 2179 672 2229 et
686 2169 839 2229 adsecutus
857 2169 912 2230 sibi
926 2168 1039 2229 debeat.
1068 2169 1135 2230 Pro·

131 2256 233 2314 vineiis
256 2270 371 2332 quoque
387 2255 417 2312 iu
434 2263 580 2330 posterum
594 2263 623 2312 et
637 2255 798 2314 iniuriarum
815 2262 921 2314 metum
937 2262 966 2312 et
982 2253 1134 2314 aoeusandi
1236 2309 1239 2314 .

131 2339 334 2399 necessitatem
347 2338 491 2398 remisisti.
519 2334 591 2396 Nam
611 2338 636 2398 si
653 2336 812 2414 proluerint
825 2335 928 2416 quibus
945 2338 1050 2414 gratias
1065 2355 1134 2414 ege·

86 2425 204 2499 esunt,
226 2420 262 2481 de
276 2419 355 2480 nullo
371 2422 451 2501 queri
466 2428 615 2497 cogentur.
649 2420 744 2482 Deoet
758 2419 864 2500 alioqui
879 2420 949 2480 nibil
963 2423 1053 2499 magis
1068 2437 1135 2499 pro·

131 2506 217 2566 desse
236 2504 381 2565 eandidato
396 2504 431 2564 ad
445 2513 601 2584 sequentes
616 2503 741 2566 bonores
756 2522 838 2583 quam
852 2513 996 2582 peractos.
1021 2504 1135 2582 Optime

131 2591 309 2666 magistratus
325 2591 505 2666 magistratu,
520 2586 630 2648 bonore
646 2588 737 2648 bonor
750 2590 865 2666 petitur.
904 2587 978 2648 Volo
996 2606 1069 2666 ego,
1087 2589 1136 2666 qui

132 2674 307 2751 provinciam
320 2673 427 2732 rexerit
440 2689 497 2731 non
511 2679 617 2731 tantum
630 2670 781 2733 eodioillos
795 2675 949 2732 amisorum
959 2689 1014 2731 neo
1030 2671 1135 2730 urbana

131 2757 326 2817 coniuratione
339 2755 495 2816 eblanditae
506 2771 611 2834 preees
624 2754 677 2814 sed
688 2754 805 2816 decreta
817 2753 1002 2829 coloniorum,
1018 2753 1136 2814 dsereta

85 2842 275 2903 bbeivitatum
298 2839 423 2917 adleget.
451 2839 530 2899 Bene
547 2837 691 2916 suffragiis
707 2837 897 2899 consularium
909 2839 1032 2898 virorum
1048 2837 1135 2896 urbes

132 2923 231 3003 populi
245 2932 347 3002 gentes
363 2925 532 2983 inseruntur.
558 2920 794 2983 Elboaeissimum
809 2939 863 3000 pro
878 2920 1025 2982 candidato
1041 2938 1133 2998 genus

130 3017 177 3068 est
193 3007 312 3086 rogandi
326 3009 431 3084 gratias
446 3023 542 3084 agere.
566 3005 624 3065 lam
639 3021 696 3084 quo
711 3006 834 3066 adsensu
845 3015 977 3082 senatus,
995 3023 1052 3084 quo
1064 3023 1132 3082 gou-
1143 3003 1183 3068 tl

130 3091 177 3152 dio
199 3101 352 3170 exeeptum
367 3100 429 3169 est,
451 3106 516 3151 oum
530 3088 701 3168 candidatis,
723 3098 753 3149 ut
769 3107 912 3168 quemque
926 3092 1133 3163 nominaveras,

131 3173 232 3236 osoulo
254 3193 439 3251 occurreres,
462 3173 589 3234 devexus
604 3173 718 3252 quidem
732 3175 761 3232 io
780 3171 894 3252 planum
912 3183 941 3233 et
962 3174 1042 3249 quasi
1063 3189 1134 3232 unus

88 3269 171 3324 baeu
187 3257 408 3337 gratulantibus!
436 3256 477 3318 Te
499 3259 585 3318 mirer
605 3260 695 3335 magis
717 3275 753 3318 an
774 3257 923 3335 inprobem
941 3255 1008 3315 illos
1030 3256 1077 3334 qui
1092 3255 1134 3314 ei·

130 3343 262 3405 leserunt
277 3351 307 3402 ut
325 3342 399 3403 istud
421 3359 550 3417 magnum
565 3341 726 3418 uideretur,
754 3357 818 3400 oum
835 3337 913 3400 velut
930 3339 1013 3399 adlini
1031 3336 1134 3399 euruli-

130 3428 184 3488 bus
197 3429 258 3488 suis
275 3444 385 3486 manum
401 3433 520 3502 tantum,
548 3435 577 3486 et
590 3424 664 3486 bano
678 3431 844 3485 eunotanter
857 3432 886 3484 et
907 3425 989 3501 pigre
1009 3431 1038 3482 et
1053 3422 1134 3498 inpu-

131 3511 254 3572 tantibus
270 3508 377 3571 similes
392 3505 579 3588 promerenti
599 3506 725 3586 Contigit
740 3524 812 3583 ergo
828 3505 920 3568 oeulis
934 3507 1040 3568 nostris
1054 3506 1134 3565 inso-
