2584 3972
260 256 532 319 EPISTULARUM
549 257 585 318 v.
617 258 742 337 14.(1s.)
760 268 799 320 ιι.
815 258 886 337 (10.)
903 266 943 316 ιι.
1042 251 1103 319 103

120 425 219 503 alioqui
232 426 338 505 optima
351 432 381 486 et
390 424 575 485 meritissima
583 425 698 500 fruitur,
711 425 764 486 sed
774 426 870 502 longis
878 425 1046 502 magnisque
1054 440 1101 483 ex·

118 510 287 586 perimentis.
304 506 368 569 Una
380 507 534 586 diligimus,
546 527 600 568 uua
611 507 763 569 dileximus
776 527 875 569 munes
886 509 950 568 iere
965 523 1038 585 quos
1050 524 1097 567 ae·
1111 515 1130 566 t

116 599 156 651 tas
176 600 275 652 nostra
291 591 320 650 in
341 600 466 670 utroque
481 609 553 652 sexu
575 590 759 653 aemulandos
777 593 857 659 tulit;
880 609 953 670 quae
975 589 1101 650 societas

116 675 296 735 amicitiarum
306 676 509 734 artissima-nos
520 674 711 735 familiaritate
719 677 875 738 coniunxit.
892 673 1127 734 decembrio-t

94 757 209 817 tenlum
220 756 443 818 necessitudinis
459 757 603 837 publicae.
628 757 708 818 ldem
723 760 798 819 enim
811 758 890 834 mibi,
907 764 939 817 ut
954 756 1024 832 scis,
1042 755 1101 815 ool·

116 840 179 917 lega
194 843 275 920 quasi
290 847 361 901 voto
378 841 486 920 petitus
504 841 533 900 iu
546 841 730 920 praefectura
747 843 850 902 aerarii
866 842 935 917 luit,
955 840 1010 899 luit
1026 845 1056 899 et
1072 839 1102 899 iu

117 925 269 985 consulatu.
287 923 356 983 'lum
365 939 424 1000 ego
437 925 485 1002 qui
498 925 544 983 vir
555 932 586 984 et
597 933 719 1002 quantus
730 933 812 985 esset
823 924 962 984 altissime
973 924 1100 1002 inspexi,

116 1022 172 1065 cum
189 1023 332 1086 sequerer
350 1015 381 1066 ut
395 1008 573 1085 magistrum,
590 1015 621 1066 ut
635 1017 785 1086 parentem
799 1025 933 1085 vererer,
949 1005 1026 1084 quod
1042 1024 1100 1068 uon

116 1095 167 1148 tam
177 1092 280 1150 aetatis
291 1092 456 1151 maturitate
472 1106 555 1168 quam
563 1091 641 1151 vitae
652 1090 828 1152 merebatur.
855 1089 1129 1152 Hisexcausisutt
1244 1125 1250 1132 -

82 1182 108 1234 ιο
116 1170 155 1231 illi
166 1175 209 1233 sic
223 1173 292 1232 mibi
306 1173 448 1251 gratulor,
463 1190 519 1232 nec
535 1174 668 1252 privatim
678 1176 769 1252 magis
784 1191 866 1252 quam
880 1173 1008 1253 publice,
1025 1171 1103 1252 quod

115 1255 221 1315 tandem
235 1256 366 1316 homines
377 1273 436 1316 uon
448 1254 488 1316 ad
502 1256 643 1335 pericula,
658 1265 690 1316 ut
705 1259 798 1336 prius,
813 1275 913 1318 verum
924 1257 960 1317 ad
973 1256 1103 1317 bonores

111 1342 208 1404 vinata
220 1345 402 1422 perveniunt.
421 1342 455 1403 lu
465 1344 601 1404 inlinitum
616 1342 766 1422 epistulam
782 1343 947 1420 extendam,
963 1344 988 1404 si
1002 1343 1133 1422 gaudini

112 1441 170 1485 meo
190 1425 365 1504 indulgeam.
395 1426 564 1487 Praevertor
582 1425 617 1486 ad
632 1445 666 1488 ea
681 1444 753 1506 quae
769 1444 815 1487 me
830 1433 963 1504 agentem
976 1426 1023 1486 bio
1037 1445 1108 1487 nun·

113 1509 163 1569 tius
176 1509 374 1588 deprehendit.
406 1509 490 1571 Eram
505 1527 568 1569 cum
579 1525 737 1588 prosocero
750 1527 833 1588 meo,
855 1527 932 1571 eram
947 1527 1011 1570 cum
1025 1511 1134 1571 amine

81 1594 218 1672 ltuxoris,
234 1611 390 1673 eramcum
404 1595 501 1655 amicis
517 1593 564 1654 diu
581 1593 766 1672 desideratis,
783 1593 966 1654 circumibam
981 1592 1106 1671 agellos,

112 1676 251 1737 audiebam
273 1676 389 1737 multum
407 1679 575 1738 rusticarum
596 1675 819 1755 querellarum,
827 1679 952 1738 rationes
973 1676 1108 1774 legebam

112 1759 207 1821 inritus
228 1769 261 1822 et
284 1763 389 1822 cursim
404 1759 482 1839 (aliis
503 1761 577 1820 enim
599 1759 719 1838 chartis,
744 1760 806 1822 aliis
827 1779 888 1820 sum
902 1760 1026 1821 litteris
1017 1761 1107 1820 initia·

112 1843 178 1922 tus),
194 1862 351 1925 coeperam
361 1847 445 1906 etiam
456 1845 549 1904 itineri
563 1861 609 1903 me
624 1860 804 1921 praeparare.
830 1841 901 1904 Nam
914 1842 1045 1904 includor
1060 1861 1107 1902 an·
1097 1847 1134 1904 -9

113 1929 206 2002 gustiis
222 1939 418 2006 commeatus,
439 1946 534 2007 eoque
555 1927 620 2006 ipso
642 1927 718 2006 quod
740 1925 902 2005 delegatum
917 1925 1044 1988 Gomuto
1059 1944 1107 1986 au·

79 2007 153 2070 tolio
166 2012 293 2073 cilicium
306 2014 362 2074 mei
376 2011 540 2073 admoneor.
561 2008 654 2089 Gupio
668 2021 697 2070 te
714 2027 828 2089 quoque
845 2011 898 2070 sub
909 2009 984 2070 idem
993 2019 1106 2088 tempus

113 2090 258 2174 campania
270 2106 317 2157 tua
329 2097 462 2175 remittat,
477 2094 604 2172 nequis,
624 2111 687 2153 cum
702 2093 730 2152 in
746 2093 846 2153 urbem
859 2093 991 2171 rediero,
1008 2101 1107 2152 eontu-

112 2175 202 2240 bernio
216 2189 319 2241 nostro
334 2179 396 2242 dies
411 2188 520 2259 pereat.
552 2175 632 2237 Vale.

534 2309 596 2370 xv,
619 2309 681 2390 [ιιι

80 2428 107 2483 25
309 2408 337 2460 G.
358 2408 483 2460 PLINIUS
502 2408 602 2460 ARRIO
620 2407 783 2459 ANTONINO
800 2407 861 2460 SUO
877 2407 905 2460 S.

171 2509 240 2572 (lum
257 2529 363 2573 versus
383 2520 449 2572 tuos
469 2508 612 2590 aemulor,
638 2519 697 2571 tum
715 2511 834 2570 maxime
857 2527 940 2589 quun
962 2512 1018 2571 siut
1041 2508 1133 2572 bonit

115 2597 250 2672 experior.
282 2594 321 2656 Ut
343 2595 418 2656 euim
446 2596 574 2674 pictores
595 2591 742 2672 pulchram
763 2591 980 2673 absolutamque
1005 2593 1108 2654 laniem

115 2691 170 2738 raro
182 2681 235 2739 nisi
250 2681 280 2740 in
295 2679 378 2758 peius
394 2677 547 2756 effingunt,
563 2680 602 2738 ita
617 2693 674 2754 ego
691 2677 726 2737 ab
741 2676 798 2738 boc
812 2677 969 2755 archetypo
983 2677 1065 2736 labor
1079 2683 1109 2735 et

115 2757 219 2823 decido.
243 2762 309 2837 Quo
324 2762 414 2840 magis
427 2763 525 2822 hortor
540 2769 572 2821 ut
587 2777 669 2839 quam
686 2759 804 2858 plurima
818 2759 949 2839 proferas
964 2777 1037 2839 quae
1048 2760 1107 2817 imi·
1097 2765 1134 2817 -b

82 2845 160 2903 ιοιιιι
174 2862 273 2908 omues
296 2848 516 2926 concupiscant,
535 2862 619 2905 nemo
633 2853 680 2954 aut
694 2843 858 2923 paucissimi
873 2844 992 2922 possint.
1026 2841 1107 2947 Vale.

567 2977 645 3037 XVI.

101 3029 180 3154 ιχ
347 3075 744 3129 e.PL1N1UsttnttcttLL1N0
763 3075 822 3128 suo
842 3075 868 3129 s

152 3177 339 3242 Tristissimus
360 3178 432 3240 baec
452 3179 505 3239 tibi
526 3179 640 3257 scribo,
667 3179 792 3241 Fundani
812 3181 902 3240 nostri
924 3178 980 3240 lilia
1000 3179 1134 3243 minarel

84 3258 260 3342 sturmen,
284 3280 337 3343 qua
357 3261 453 3341 puella
468 3263 537 3322 uibil
554 3279 684 3342 umquam
700 3265 848 3340 festivius,
869 3260 1032 3340 amabilius,
1053 3279 1109 3322 uec

118 3345 196 3408 nodo
210 3347 340 3425 longiore
354 3349 411 3406 ιιιι
422 3346 475 3407 sed
488 3364 581 3426 propo
595 3347 801 3408 immortalitate
816 3346 927 3424 dignius
944 3345 1010 3407 ridi.
1032 3342 1110 3405 Non·
1117 3353 1135 3407 ι

119 3427 181 3490 dum
190 3446 277 3492 anuos
291 3428 515 3511 quattuordecim
528 3431 709 3510 impleverat,
724 3440 754 3491 et
771 3431 825 3490 iam
839 3429 881 3489 illi
895 3429 975 3490 anilis
987 3429 1110 3509 pruden-

121 3511 167 3593 tta,
183 3514 340 3574 matronalis
355 3516 480 3593 gravitas
494 3525 571 3594 erat,
596 3523 626 3576 et
645 3523 739 3576 tamen
754 3515 878 3575 suavitas
892 3511 1028 3592 puellaris
1044 3526 1111 3572 cum
