2604 3972
370 235 634 301 EPISTULARUM
646 235 709 298 Vll.
730 247 775 301 28.
789 247 888 300 nobo.
1066 236 1128 303 lot

127 388 194 449 mibi
208 405 358 533 upplqum
375 391 586 470 persuadebunt
605 399 635 450 ut
656 405 736 452 meos
753 389 837 450 amari
857 407 933 449 ame
946 389 1129 470 nimiumpn·

126 481 195 533 tem.
280 491 306 533 e.

552 605 698 667 xxvlnl.

101 733 118 786 5
393 704 420 754 G.
439 703 563 787 nultius
579 702 737 756 MONTANO
757 701 816 754 SUO
833 701 859 757 S.

186 803 323 884 Ridebis,
345 805 447 868 deinde
469 806 678 886 indignaberis,
706 803 808 868 deinde
827 803 950 882 ridebis,
972 803 997 866 si
1018 805 1149 884 legerisl

125 889 219 968 quod,
234 890 288 950 nisi
303 887 429 968 legeris,
445 907 501 951 non
514 901 599 971 potes
614 887 743 952 eredere.
771 888 824 950 Est
835 891 881 949 via
895 888 1038 950 Tiburtina
1053 893 1151 955 intrab

123 974 243 1052 primum
259 970 382 1052 lapidem
397 974 542 1054 (proxime
557 973 703 1054 adnotavi)
726 974 926 1034 monimentum
940 972 1072 1036 Pallantis
1087 976 1126 1036 ita

122 1057 290 1135 inscriptum
306 1055 383 1117 ‘huic
403 1067 519 1119 senatus
540 1059 577 1118 ob
593 1056 677 1119 fidem
694 1059 887 1136 pietatemque
902 1071 971 1134 erpa
990 1066 1125 1136 patronos

80 1154 114 1206 ιο
123 1148 287 1200 ornamenta
308 1141 449 1218 praetoria
472 1141 601 1202 decreuit
623 1151 652 1202 et
671 1141 834 1202 sestertium
858 1141 968 1200 centies
991 1142 1125 1219 quinqua·

122 1225 205 1301 gies,
229 1223 309 1284 cuius
329 1222 438 1285 honore
464 1234 613 1286 contentus
633 1224 707 1284 luit?
733 1222 874 1301 Equidem
895 1240 1044 1302 numquam
1064 1232 1152 1286 suma

120 1307 238 1367 miratus
253 1324 327 1385 quae
337 1309 452 1385 saepius
467 1325 483 1368 a
497 1307 609 1368 fortuna
621 1325 703 1387 quam
715 1325 731 1367 a
742 1305 847 1367 iudicio
862 1305 1126 1386 proficiscerentur:

120 1391 243 1450 maxime
258 1399 351 1450 tamen
364 1389 412 1450 hic
424 1409 470 1452 me
486 1390 584 1452 titulus
599 1390 740 1451 admonuit
757 1408 839 1469 quam
853 1397 952 1451 essent
967 1390 1078 1450 mimica
1096 1399 1125 1452 et

120 1476 220 1552 inepta
235 1491 307 1552 quae
322 1473 460 1534 interdum
476 1477 504 1534 in
518 1473 575 1535 hoc
590 1491 724 1552 caenum,
746 1473 797 1534 bas
818 1472 920 1534 sordes
934 1471 1125 1552 obicerentur,

79 1563 196 1636 idquae
215 1554 336 1636 denique
356 1556 406 1616 ille
425 1557 544 1618 furcifer
567 1566 597 1619 et
617 1560 750 1637 recipere
766 1573 859 1618 ausus·
874 1565 919 1617 est
941 1564 970 1616 et
990 1575 1125 1618 recusare

118 1649 207 1719 atque
225 1642 307 1700 etiam
326 1650 356 1701 ut
371 1640 571 1702 moderationis
594 1639 755 1720 exemplum
768 1641 895 1720 posteris
909 1639 1042 1719 prodere.
1066 1640 1149 1703 Sedd

119 1723 190 1802 quid
206 1719 358 1802 indignor?
380 1722 485 1784 Ridere
507 1727 613 1802 satius,
636 1742 673 1784 ne
689 1743 722 1785 se
737 1741 868 1802 magnum
881 1722 988 1802 aliquid
1003 1723 1123 1803 adeptos

119 1816 222 1886 putent
238 1809 286 1886 qui
299 1807 356 1867 buo
370 1806 508 1870 felicitate
523 1808 692 1887 perveniunt
707 1815 737 1867 ut
750 1807 901 1868 rideantur.
937 1805 1018 1867 Vale.

78 1982 110 2034 ,0
573 1939 664 2001 xxx.

245 2031 251 2042 ⁹
389 2037 417 2091 O.
436 2037 560 2089 PLINIUS
578 2037 727 2089 GENITORI
744 2037 804 2088 SUO
823 2037 849 2086 S.

185 2138 334 2218 Torqueor
350 2140 426 2220 quod
441 2140 625 2220 discipulum,
647 2149 677 2200 ut
693 2138 813 2217 scribis,
836 2141 957 2218 optimae
979 2140 1042 2218 spei
1057 2141 1123 2199 ami·
1132 2153 1150 2206 1

119 2223 202 2299 sisti,
225 2224 306 2283 cuins
327 2233 356 2284 et
375 2223 529 2284 ualitudine
550 2233 579 2286 et
596 2234 688 2285 morte
705 2223 839 2302 impedita
859 2222 951 2284 studia
965 2233 1012 2284 tua
1027 2223 1122 2300 quidni

119 2301 230 2367 sciam?
251 2324 315 2366 cum
329 2308 368 2368 sis
385 2309 506 2368 omnium
522 2307 680 2368 officiorum
694 2307 978 2384 observantissimus,
1001 2325 1123 2386 cumque

78 2393 221 2450 250mnes
237 2406 309 2468 quos
326 2391 431 2469 probas
446 2391 617 2452 effusissimo
632 2390 744 2470 diligas.
760 2389 808 2450 bie
819 2389 875 2450 huc
887 2407 1002 2470 quoque
1017 2391 1146 2454 urbanas

118 2473 236 2550 negotia
255 2483 452 2551 persecuntur.
493 2473 557 2534 Non
578 2472 680 2536 desunt
700 2475 774 2534 enim
796 2475 844 2553 qui
865 2491 911 2534 me
930 2474 1053 2535 iudicem
1076 2483 1122 2534 ant

118 2557 254 2616 arbitrum
268 2556 380 2618 iaciant.
411 2555 561 2618 Accedunt
578 2555 725 2636 querellae
739 2559 926 2634 rusticorum,
948 2559 995 2635 qui
1009 2556 1148 2620 auribus-t

118 2640 192 2700 meis
204 2649 270 2719 post
284 2637 400 2718 longum
411 2649 523 2719 tempus
538 2658 591 2701 suo
602 2643 664 2700 iure
676 2639 834 2702 abutuntur.
854 2637 942 2701 instat
952 2649 981 2700 et
993 2643 1122 2701 necessi·

118 2733 164 2783 tas
179 2740 312 2801 agrorum
326 2722 509 2784 locandorum
523 2741 660 2804 perquam
673 2723 808 2784 molesta:
829 2719 902 2784 adeo
916 2740 1008 2782 rarum
1022 2730 1067 2783 est
1081 2724 1121 2782 in·

79 2809 219 2866 tevenire
233 2806 352 2867 idoncos
370 2807 568 2868 conductores.
590 2805 698 2880 Quibus
711 2825 747 2866 ex
761 2807 853 2868 causis
866 2803 1148 2884 precariostndeo,4

120 2888 223 2950 studeo
236 2899 343 2951 tamon:
357 2907 421 2950 nam
434 2901 463 2952 et
474 2891 570 2952 scribo
583 2890 689 2970 aliquid
704 2899 732 2950 et
746 2890 829 2968 lego:
844 2888 898 2950 sed
912 2907 975 2948 cunr
989 2888 1069 2968 lego,
1084 2907 1123 2951 ex

120 2975 324 3050 conparatione
341 2975 434 3049 sentio
449 2991 531 3053 quam
544 2973 618 3036 male
640 2973 779 3050 scribam,
801 2972 871 3034 licet
891 2981 921 3032 tu
935 2973 1002 3033 mihi
1017 2974 1123 3034 bonum

119 3058 240 3118 animum
259 3056 363 3134 iacias,
388 3059 436 3154 qui
453 3057 568 3119 libellos
590 3075 671 3120 meos
691 3056 727 3117 de
747 3056 855 3118 ultione
875 3055 987 3116 Helvidi
1002 3058 1122 3117 orationi

118 3138 322 3201 Demosthenis
336 3159 419 3200 uara
430 3137 577 3202 Μειδίου
593 3141 719 3218 coniers,
736 3157 819 3219 quam
832 3158 912 3216 sane,
928 3158 990 3200 cum
1003 3149 1146 3219 compos

81 3229 219 3284 tenerem
235 3222 318 3301 illos,
339 3222 423 3283 hebui
440 3225 469 3284 in
486 3224 631 3302 manibus,
652 3240 710 3286 non
725 3233 757 3285 nt
777 3221 935 3284 aemularer
956 3223 1122 3303 (inprobum
1163 3229 1165 3232 '

121 3309 195 3366 enim
214 3323 250 3367 ac
270 3323 363 3384 paene
385 3306 555 3386 furiosum),
579 3307 633 3370 sed
657 3316 750 3368 tamen
775 3308 899 3370 imitarer
919 3313 949 3367 et
970 3325 1120 3386 sequerer,

122 3400 255 3467 qnantum
268 3398 316 3451 aut
327 3389 477 3452 diversitas
491 3392 678 3468 ingeniorum,
694 3391 805 3451 memmi
822 3398 850 3451 et
864 3391 978 3467 minimi,
994 3400 1042 3451 aut
1057 3407 1122 3452 cau·

121 3489 171 3533 sae
186 3471 383 3535 dissimilitudo
398 3482 553 3552 pateretur.
588 3473 670 3535 Vale.
