2584 3972
370 257 633 320 EPISTULARUM
647 257 697 318 vl.
719 268 762 324 30.
778 268 822 323 31.
1038 263 1101 327 loo

106 418 159 470 taur
172 427 226 471 uon
242 411 303 471 sine
326 411 419 491 aliqua
432 411 659 492 reprehensione
680 412 835 490 patientiae
850 429 931 473 amor
943 417 1042 479 uraris
1054 436 1100 479 re»

106 493 241 572 tardabat,
267 512 350 574 marn
370 495 484 576 quidem
505 499 589 558 etiam
608 504 675 576 port
696 495 825 556 delatam
838 496 1005 558 adulterium
1025 500 1100 563 domi

105 577 249 655 habuerat,
273 579 354 657 quasi
370 590 521 643 contentus·
534 580 674 641 aemarlum
688 581 857 641 remouisse.
889 581 1060 645 admonitas>
1070 595 1126 650 ato

105 671 253 740 perageret
269 665 497 743 accusationem,
526 667 644 745 peregit:
660 666 772 725 incitare
805 663 870 724 Sed
883 663 958 725 illam
979 665 1102 729 damnart

82 747 285 807 carantaniae
303 757 470 810 accusatore
491 766 615 810 necesse
636 757 713 809 erat:
735 749 861 808 domata
877 757 906 808 et
919 747 1010 810 lullae
1026 750 1100 830 legis

102 829 315 908 poenierelicta
328 841 383 892 est.
413 830 525 894 (laesor
534 841 565 893 et
578 849 688 893 romena
697 834 870 893 centurionis
886 841 919 892 ct
930 849 1101 898 conmemo-

102 914 235 974 rationem
245 914 411 995 discipliuae
426 916 552 978 militaris
566 919 725 979 senoniae
741 916 853 995 adiecta,
870 935 913 979 nc·
924 922 1014 981 omnis
1026 923 1100 982 eihs-

101 997 172 1059 modi
187 1016 294 1060 causaer
310 1000 498 1062 revocaread
513 1002 715 1062 recideretur.
749 999 851 1062 'lerata
861 1001 907 1063 dle
923 1003 1039 1066 inducta
1052 1015 1126 1070 0⁰⁴⁷

102 1083 185 1158 gnitic
202 1091 249 1144 est
260 1083 550 1146 multisrsermonibcs
563 1094 592 1146 et
604 1085 682 1145 rarle
696 1099 810 1146 ramore
825 1087 937 1164 iactata,
954 1083 1008 1147 lali
1021 1087 1100 1150 Tiro·

66 1164 141 1226 llnis
157 1167 294 1244 codicilli,
311 1186 383 1246 paros
399 1179 528 1248 exparte
542 1186 629 1229 veros
643 1185 711 1230 osse
722 1169 879 1246 constabat,
896 1187 933 1230 ex
943 1173 1101 1250 partelalei

100 1247 278 1312 dicebautrus
322 1253 569 1314 Stdtetituebatrtur
603 1253 715 1314 crimini
746 1253 932 1331 Sempronius
963 1255 1127 1334 Senecio,8

99 1335 363 1414 concalloaranas,
383 1345 414 1398 ct
426 1336 616 1415 beonnae,
639 1334 905 1398 Eaesmislibsrttrs
922 1347 951 1398 et
966 1353 1100 1416 procura·

99 1425 149 1478 tor.
181 1419 332 1498 Heredes,
355 1439 418 1481 oum
440 1419 546 1482 Caesar
568 1430 647 1481 esset
666 1422 695 1480 in
709 1420 815 1498 Dacia,
841 1423 1027 1482 ootnmauitar
1041 1425 1101 1502 epi·

98 1501 167 1563 stula
181 1506 292 1583 scripta
307 1507 446 1583 petierant
461 1514 491 1565 ut
506 1506 668 1582 susciperet
685 1505 883 1582 cognitionem.
916 1504 1099 1586 Susceperat.

63 1583 243 1648 lilierersus
259 1587 333 1648 diem
349 1587 482 1667 dederat,
505 1597 612 1648 etcum
633 1606 670 1648 ert
689 1587 842 1649 heredibus
865 1589 992 1668 quidam,
1021 1593 1126 1670 quasi9

97 1672 257 1740 reverentia
272 1670 429 1750 Eurythmi,
447 1673 608 1732 omitterent
623 1673 842 1750 accusationem,
856 1673 1047 1752 pulcherrime
1059 1673 1099 1734 di·

94 1763 175 1816 marr
189 1755 330 1817 ‘mouille
341 1753 499 1831 Polyclitus
513 1766 560 1817 est
572 1773 628 1816 nee
642 1755 812 1833 egorlhero!
834 1755 991 1818 indulserat
1008 1767 1101 1818 tamen

94 1840 266 1914 petentibus
283 1839 462 1914 dilationem,
484 1841 565 1902 caius
584 1849 716 1920 tempore
736 1850 843 1900 eramo·
860 1840 1033 1902 comederat
1053 1859 1100 1902 au·

95 1919 215 1984 iturae.
252 1923 280 1984 rb
306 1933 387 2003 parte
415 1923 550 1984 heredum
570 1927 749 1984 intrauerunt
766 1923 837 1994 duce
866 1927 978 1984 omnltm
1001 1935 1144 2003 pastorio

58 2004 230 2071 hilaret-nnc
255 2024 354 2070 onmes
377 2007 500 2068 heredes
519 2025 608 2085 agera
631 2017 819 2085 cogerentur,
848 2023 912 2066 eum
933 2007 1101 2068 detulissent

94 2104 215 2171 omnes,
233 2103 283 2152 aut
299 2091 353 2153 sibi
374 2109 488 2170 quoque
505 2090 647 2152 desistere
663 2091 882 2168 permitteretur:
915 2089 1045 2152 boeotus·
1056 2102 1138 2157 estll

93 2173 204 2237 Gaesar-
222 2193 334 2238 summa
358 2178 513 2254 grauitate,
540 2191 649 2235 suamc
671 2173 882 2250 moderatione,
910 2189 1031 2256 amque
1053 2176 1101 2236 ad-

91 2269 214 2322 romtus
238 2261 408 2321 Senecionis
438 2269 467 2320 et
485 2258 632 2334 Eurythmi
653 2258 773 2320 diruisset
791 2259 995 2338 suspitionibus
1016 2258 1103 2319 relin-

93 2347 139 2421 qui
153 2362 246 2424 reos,
262 2345 317 2404 nisi
331 2343 509 2420 audirentur,
524 2348 592 2402 ‘uon
608 2347 688 2403 curo’
704 2341 800 2422 inquid
815 2348 862 2402 ‘aa
877 2344 929 2402 isti·
939 2345 1101 2422 suspitioni·

55 2425 143 2488 astrue
158 2428 372 2508 relinquantur,
388 2445 445 2505 ego
457 2426 623 2506 relinquor'.
647 2425 1001 2505 Deinconverauaadnos,
1015 2423 1101 2486 ‘dero
1111 2438 1146 2490 12

91 2504 239 2592 στήσατε
256 2511 325 2592 quid
339 2511 437 2573 iacere
453 2511 621 2572 debeamus:
642 2513 689 2571 isti
711 2513 786 2571 enirn
807 2512 887 2591 queri
908 2509 1007 2571 volant
1026 2511 1103 2590 quod

91 2597 144 2656 sibi
157 2615 219 2659 nou
232 2597 349 2658 licuerit
364 2599 527 2656 accuearc’.-
542 2593 612 2656 'lum
626 2613 663 2656 ert
678 2594 788 2656 consilii
802 2595 943 2656 sententia
957 2596 1039 2655 iussit
1054 2594 1103 2654 de-

90 2682 212 2742 nuntiari
233 2679 392 2741 heredibus
413 2679 542 2740 omnibus
566 2688 614 2740 ant
634 2688 752 2756 agerent
772 2688 819 2739 aut
841 2677 944 2755 singuli
964 2677 1102 2757 adproba-

89 2774 152 2823 rent
163 2783 275 2826 causas
290 2780 347 2823 noa
361 2761 478 2841 agendi;
501 2761 607 2842 alioqui
624 2781 657 2823 se
672 2761 720 2822 vel
737 2762 773 2822 de
789 2760 925 2823 calumnia
940 2762 1102 2840 pronuntia-

51 2855 192 2913 coruram.
216 2847 312 2908 Vides
328 2864 411 2926 quam
425 2847 555 2924 honesti,
573 2863 654 2925 quam
669 2847 763 2907 severi
778 2843 857 2923 dies,
874 2862 946 2922 quos
961 2844 1103 2905 iucundis·
1113 2851 1146 2905 13

88 2934 177 2994 simae
196 2933 398 2994 ectnissionee
411 2930 611 3010 carpebantur.
642 2928 858 2991 Adhibebamur·
873 2927 978 2989 cotidie
1000 2947 1104 2990 cenae:

89 3025 149 3076 erat
164 3016 303 3092 medin,
325 3016 355 3074 ab
372 3015 529 3092 principem
545 3016 696 3091 ooputares
727 3011 870 3074 interdum
885 3023 1042 3074 aemarnata
1057 3029 1105 3072 au·

87 3099 262 3178 alamanne,
285 3098 430 3159 interritam
445 3097 653 3158 iucundissimis
674 3097 851 3158 sennonibus
866 3113 926 3157 nore
940 3096 1103 3158 ducebamur.

87 3185 206 3246 Surnnro
223 3184 277 3244 die
293 3183 460 3244 abeuntibus
476 3183 558 3243 nobis
574 3182 651 3261 (tam
660 3181 782 3259 diligens
799 3183 827 3241 in
843 3179 966 3241 Caesare
982 3180 1105 3240 humaui-
1115 3187 1149 3240 lt

47 3274 78 3332 ii
87 3269 149 3350 tae)
161 3270 259 3332 mnia
277 3269 448 3328 scaturisse.
470 3265 527 3326 Sed
542 3267 609 3325 mihi
624 3275 654 3326 ut
668 3268 792 3343 maritas
805 3267 1014 3343 cognitionum,
1037 3281 1105 3324 ceuh

86 3354 291 3427 ehirshoucr,
303 3351 425 3412 suaritae
447 3349 670 3429 simplicitasque
691 3351 857 3426 convictas,
878 3351 917 3409 ita
938 3348 1022 3411 loeus
1041 3353 1106 3427 ipse

85 3435 295 3518 poeluoundns
311 3434 372 3496 latit.
400 3433 476 3494 Vilia
487 3433 682 3512 pulcherrirna
691 3436 812 3511 cingitur
825 3432 1003 3494 viridissimis
1017 3432 1105 3508 agris,
1115 3440 1148 3491 lo

84 3525 222 3583 immet
241 3519 342 3596 litori,
365 3519 446 3579 euius
471 3519 499 3577 iu
522 3521 584 3578 aiau
604 3517 634 3577 iit
655 3533 717 3576 cum
738 3517 856 3578 menime
876 3525 985 3656 porpas.
1016 3514 1105 3574 liuius

126 3612 205 3664 Putat
221 3609 281 3664 En.
