2584 3972
185 291 228 356 84
616 286 651 349 G.
671 285 769 348 ritui

187 440 285 523 plum?
310 441 420 524 quando
435 458 572 503 secessus
587 441 643 502 moi
656 457 714 500 non
729 437 856 501 desidiae
871 454 975 500 nomen
989 437 1042 499 sed
1056 436 1195 516 tranquil·

186 527 271 590 litatis
286 523 450 607 accipient?
480 523 564 589 Vale.

630 655 749 718 xxnn.
1017 638 1113 724 *i*

403 759 432 815 G.
451 756 575 810 PLINIUS
592 759 687 809 initio
707 755 848 808 VALENTI
868 753 929 807 SUO
949 755 976 810 S.
1207 785 1225 835 5

161 879 177 930 1
250 859 382 920 Proximo
402 875 466 918 cum
488 857 564 937 apud
584 858 775 919 centumviros
795 858 824 917 in
841 853 1018 936 quadruplici
1031 853 1137 916 iudicio
1153 852 1196 914 di·

186 945 311 1021 mosem,
330 942 416 1004 subiit
429 941 590 1003 recordatio
602 943 700 1020 egisse
714 958 760 1002 me
774 942 906 1001 iuvenem
920 957 1015 1019 aeque
1028 941 1057 1000 in
1072 936 1196 1017 quadru-

162 1027 265 1107 nplici.
287 1025 434 1088 Processit
445 1027 564 1101 animus,
579 1034 610 1085 ut
620 1025 708 1104 solet,
725 1024 854 1103 longius:
870 1023 956 1103 coepi
969 1032 1103 1103 reputare
1118 1040 1196 1102 quos

187 1113 217 1172 in
230 1111 287 1172 hoc
301 1110 423 1188 iudicio,
449 1126 522 1188 quos
542 1111 571 1169 in
591 1107 642 1169 illo
663 1111 762 1171 socios
779 1108 886 1169 laboris
900 1106 1072 1170 habuissem,
1105 1105 1196 1167 Solus

189 1212 266 1255 cram
282 1196 372 1272 quiin
387 1203 509 1273 utroque
524 1192 676 1257 dixissem:
698 1202 789 1255 tantas
805 1193 1011 1252 conversiones
1025 1199 1072 1251 aut
1086 1189 1242 1268 fragili-10

160 1286 231 1346 stas
246 1277 423 1339 mortalitatis
439 1287 486 1339 aut
500 1277 630 1338 fortunae
644 1276 786 1339 mobilitas
802 1275 879 1338 fecit,
900 1274 1019 1348 Quidam
1033 1293 1071 1335 ex
1084 1273 1129 1336 his
1146 1276 1197 1354 qui

186 1372 254 1422 tunc
269 1371 389 1440 egerant
404 1361 609 1439 decesserunt,
624 1360 740 1422 exulant
752 1360 816 1439 alii,
837 1359 904 1420 huic
918 1367 998 1421 oetas
1013 1368 1043 1419 et
1057 1357 1196 1419 valetudo

188 1445 331 1506 silentium
345 1447 445 1522 suasit,
460 1445 508 1505 hic
523 1454 627 1524 sponte
640 1445 805 1507 beatissimo
820 1444 879 1505 otio
894 1442 1005 1521 fruitur,
1021 1442 1093 1505 alius
1109 1460 1196 1504 exer·

188 1530 275 1588 citum
292 1530 383 1607 regit,
405 1527 484 1587 illum
501 1527 630 1590 civilibus
650 1529 754 1590 oiiiciis
775 1528 913 1608 principis
933 1528 1054 1588 amicitia
1076 1528 1193 1588 exemit.

164 1610 273 1678 tGirca
289 1628 343 1673 nos
357 1614 438 1691 ipsos
451 1629 533 1690 mam
546 1611 633 1673 multa
646 1621 750 1674 mutata
766 1615 844 1674 sunt!
867 1610 972 1672 Studiis
987 1611 1196 1690 processimus,
1206 1622 1239 1673 lc

164 1695 289 1761 ssmdits
304 1694 456 1776 periclitati
473 1713 588 1774 sumus,
612 1714 768 1776 rursusque
788 1697 992 1776 processimus.
1025 1694 1198 1756 Profucrunt

188 1780 272 1841 nobis
289 1780 427 1840 bonomm
439 1780 595 1858 amicitiae,
619 1781 758 1842 honomm
778 1780 930 1841 notuerunt
948 1780 1108 1858 itemmqne
1127 1795 1197 1859 pro·

191 1872 267 1926 sunt.
288 1863 319 1924 Si
330 1872 474 1943 conpotes
486 1879 590 1942 annos,
606 1866 741 1944 exiguum
754 1875 879 1944 tempus,
891 1866 917 1926 si
930 1865 1011 1925 vices
1026 1881 1132 1941 rerum,
1147 1881 1197 1926 ae·

161 1959 253 2014 ovum
267 1956 361 2027 putes.
384 1947 468 2020 Quod
483 1956 580 2028 potest
596 1967 663 2010 esse
679 1949 848 2010 documento
861 1945 930 2009 nihil
944 1946 1112 2027 desperare,
1123 1946 1197 2007 nulii

187 2033 231 2093 rei
245 2032 351 2111 fidere,
373 2050 437 2093 cum
456 2033 601 2094 videamus
622 2042 665 2094 tot
678 2035 832 2095 varietates
846 2042 903 2094 tam
917 2029 1037 2092 volubili
1052 2031 1124 2092 orbe
1140 2032 1196 2091 cir·
1206 2041 1240 2093 2⁰

164 2126 181 2182 i
189 2118 308 2196 cumagi.
329 2114 397 2178 itini
412 2127 505 2179 autem
520 2116 655 2179 familiare
676 2128 722 2180 est
735 2133 835 2178 omnes
851 2117 1040 2194 cogitationes
1054 2133 1133 2176 meas
1150 2125 1196 2176 te-

189 2217 253 2260 cum
276 2204 484 2263 communicare
509 2201 658 2281 isdemque
677 2212 708 2263 te
726 2201 775 2262 vel
796 2201 960 2280 praeceptis
981 2198 1031 2260 vei
1051 2199 1196 2279 exemplis

187 2286 430 2427 pplqpnerpalquibus
453 2287 519 2364 ipse
540 2302 586 2345 me
606 2301 724 2354 moneo;
756 2303 829 2363 quae
850 2286 923 2346 ratio
944 2283 1027 2345 huius
1050 2282 1196 2362 epistulae
1280 2343 1281 2400 p

647 2495 738 2560 XXV·
1206 2465 1240 2516 aa

404 2597 431 2650 G.
451 2596 574 2649 PLiNIUS
593 2597 711 2649 Messio
729 2598 859 2651 MAXIMO
878 2599 937 2651 SUO
955 2599 981 2651 S.

162 2711 178 2764 l
248 2699 427 2780 Scripseram
440 2700 493 2762 tibi
507 2700 663 2764 verendum
680 2720 748 2764 esse
768 2719 805 2761 ne
827 2721 865 2762 ex
885 2705 980 2764 tacitis
995 2702 1137 2780 suffragiis
1155 2704 1197 2762 vi-

187 2787 255 2846 tium
269 2785 385 2864 aliquod
400 2787 550 2846 existeret.
572 2783 689 2846 Factum
704 2795 758 2847 est.
790 2783 928 2847 Proximis
951 2788 1071 2848 comitiis
1089 2788 1117 2846 in
1134 2788 1196 2866 qni·

188 2866 306 2928 busdam
320 2867 435 2929 tabellis
449 2868 535 2928 multa
548 2868 683 2928 iocularia
696 2879 782 2950 atque
797 2871 882 2930 etiam
897 2870 982 2932 foeda
996 2871 1084 2949 dictu,
1099 2872 1238 2932 inornate

186 2967 257 3012 vero
272 2968 325 3030 pro
340 2951 549 3012 candidatorum
561 2952 719 3015 nominihus
731 2953 947 3033 suffragatorum
957 2957 1070 3018 nomina
1080 2957 1197 3016 inventa

163 3042 260 3098 dsunt.
292 3033 451 3095 Excanduit
468 3044 583 3096 senatus
599 3053 760 3115 magnoque
775 3037 899 3100 clamore
915 3041 942 3099 ei
959 3040 1007 3118 qui
1027 3040 1197 3118 scripsisset

186 3121 286 3182 iratum
306 3119 465 3199 principem
486 3128 531 3180 est
551 3130 759 3201 comprecatus.
789 3119 845 3184 iile
862 3132 956 3184 mmon
978 3121 1084 3183 fefellit
1104 3130 1134 3183 et
1154 3123 1196 3184 la·

162 3205 250 3281 sunit,
264 3202 388 3265 tortasse
404 3204 488 3262 etiam
500 3204 575 3264 inter
589 3203 767 3283 indignantes
788 3205 850 3267 tuit.
883 3205 958 3280 Quid
970 3206 1047 3266 hunc
1062 3216 1195 3284 putamus

186 3285 262 3346 domi
273 3287 381 3366 iacere,
398 3288 489 3366 quiin
507 3297 583 3349 tanta
603 3308 636 3350 re
650 3298 706 3350 tam
719 3290 797 3352 serio
812 3300 944 3370 tempore
959 3299 1015 3351 mm
1035 3291 1235 3352 scurriliteritt

185 3369 274 3447 ludat,
288 3371 336 3448 qui
351 3370 474 3450 denique
492 3374 604 3435 omnino
618 3375 646 3433 in
661 3383 761 3435 senatu
776 3372 859 3436 dicax
871 3383 900 3434 ct
914 3375 1037 3435 urbanus
1053 3383 1083 3435 et
1098 3373 1195 3436 bellus

162 3450 255 3514 sesti
279 3451 397 3515 Tantum
419 3454 553 3518 licentiae
573 3459 668 3537 pravis
688 3459 810 3536 ingeniis
827 3457 912 3519 adicit
931 3456 980 3518 illa
1000 3457 1102 3518 iiducia
1117 3460 1195 3538 ‘quis
1278 3483 1279 3488 ¹

187 3537 261 3596 enim
275 3535 388 3598 scieti'
404 3537 540 3623 Poposcit
555 3540 704 3619 tabellam,
719 3540 814 3602 stilum
825 3543 950 3622 accepit,
967 3541 1079 3602 demisit
1094 3551 1193 3622 caput,
