2604 3972
434 268 863 333 animumanimumum.
1089 269 1149 334 181

150 419 213 480 illas
230 436 265 480 an
278 419 375 482 velitis
389 419 511 482 adscribi
526 420 613 500 iacto,
628 423 656 480 in
669 438 725 500 quo
738 439 794 499 ego
807 423 910 482 comite
922 439 978 482 non
991 440 1065 500 egeo
1073 445 1080 492 ;
1099 423 1150 483 sed

149 520 206 564 non
222 505 260 563 ita
273 503 383 582 gloriae
397 521 477 564 meae
491 503 608 565 laverim
624 513 654 563 ut
667 505 749 565 vobis
761 507 900 566 societate
912 506 973 566 eius
988 506 1148 568 inrideam'

150 585 262 648 Perfert
275 586 379 648 Anteia
396 586 537 666 mandata,
564 607 620 648 nec
633 586 699 648 illae
714 597 862 649 morantur.
886 586 931 666 Op
953 599 1053 650 ortuue
1068 605 1175 660 senae

149 680 196 731 tus
217 671 288 730 intra
309 669 382 730 diem
403 672 525 732 tertium.
559 670 657 732 Omnia
672 689 728 749 ego
743 689 859 752 semper
873 669 908 732 ad
923 607 1077 733 domitium
1092 682 1149 732 ret·

123 752 212 831 btuli,
228 771 312 832 quem
326 754 601 834 providentissimum
613 756 712 816 aetatis
727 764 843 816 nostrae
855 756 1149 834 sapientissimumque
1209 777 1210 780 ¹

151 839 290 914 cognovi:
313 839 341 897 in
355 836 412 897 boc
426 846 519 898 tamen
535 847 685 899 contentus
701 836 821 900 consilio
835 856 900 899 meo
914 839 972 916 ini,
989 841 1096 902 veritus
1111 857 1148 899 ne

149 929 275 990 vetaret;
297 931 357 982 erat
379 921 453 981 enim
473 922 649 982 cunctantior
671 923 846 1001 cautiorque.
879 921 937 982 Sed
957 941 1014 984 non
1030 924 1148 984 sustinui

148 1002 292 1064 inducere·
301 1004 329 1063 in
344 1005 464 1064 animum
480 1021 536 1082 quo
550 1007 640 1065 minus
654 1003 695 1064 illi
711 1004 814 1066 eodem
831 1004 877 1065 die
894 1005 1032 1066 iacturum
1046 1023 1092 1066 me
1106 1009 1146 1065 in·

150 1086 273 1147 dicarem
298 1086 374 1164 quod
392 1104 427 1147 an
447 1087 573 1148 facerem
587 1106 644 1149 non
661 1086 868 1166 deliberabam,
891 1099 1027 1168 expertus
1041 1106 1094 1149 usn
1111 1089 1146 1149 de

107 1180 186 1232 loeo
203 1170 279 1248 quod
298 1170 484 1231 destinaveris
503 1188 560 1231 uon
583 1191 651 1232 csse
673 1169 865 1234 consulendos
888 1174 989 1250 quibus
1011 1173 1146 1234 consultis

148 1253 271 1333 obsequi
286 1252 403 1314 debeas.
423 1252 514 1314 Venio
529 1256 558 1314 in
573 1263 712 1332 senatum,
728 1257 771 1326 ius
784 1254 895 1315 dicendi
906 1265 987 1334 peto,
1000 1255 1065 1317 dico
1080 1271 1172 1334 pau-7

148 1336 239 1416 lisper
249 1338 369 1398 maximo
382 1337 515 1398 adsensu.
543 1337 598 1400 Ubi
617 1340 701 1416 coepi
717 1339 824 1398 crimen
838 1340 987 1416 attingere,
1003 1357 1083 1400 rcum
1098 1338 1133 1399 de

149 1421 269 1495 stinare,
292 1420 383 1480 adhuc
405 1431 498 1481 tamen
516 1422 578 1481 sine
600 1422 729 1498 nomine,
759 1420 881 1499 undique
903 1421 969 1482 mibi
989 1421 1146 1482 reclamari.

148 1501 230 1563 Alius
246 1505 380 1565 ‘sciamus
417 1504 510 1564 uissit
529 1502 636 1582 dequo
659 1514 738 1565 extra
760 1503 886 1564 ordinem
907 1505 1048 1574 referasr’
1075 1505 1146 1566 alius

107 1600 140 1652 15
150 1588 226 1665 <quis
238 1595 283 1646 est
297 1597 361 1648 ante
375 1522 541 1648 radationem
554 1585 662 1648 reusi'
678 1587 750 1648 alius
766 1586 850 1649 ‘salvi
865 1589 968 1667 simus,
985 1591 1032 1668 qui
1047 1607 1147 1668 super·

149 1673 269 1732 sumus?
290 1668 383 1730 Audio
403 1671 613 1750 inperturbatus
635 1673 793 1733 interritus:
815 1680 919 1733 tantum
935 1681 1088 1751 susceptae
1103 1673 1172 1742 reis

148 1753 283 1814 honestas
297 1753 374 1815 valet
393 1763 555 1833 tantumque
572 1754 607 1815 ad
628 1755 756 1816 liduciam
769 1754 817 1815 vel
832 1763 937 1816 metum
950 1755 1043 1818 differt
1057 1754 1146 1816 nolint

148 1835 276 1898 homines
292 1836 368 1915 quod
382 1837 469 1898 iacias
484 1855 519 1898 an
530 1855 587 1898 non
604 1839 737 1918 probent.
764 1837 891 1916 Longum
906 1847 951 1900 est
967 1840 1058 1900 omnia
1071 1857 1145 1918 quae

148 1930 215 1981 tunc
231 1919 296 1980 binc
317 1920 381 1980 inde
403 1922 476 1982 iacta
496 1930 560 1982 sunt
579 1940 743 1984 recensere.
774 1920 936 1982 Novissime
957 1922 1058 1984 consul
1078 1922 1169 1993 ‘Se-9

106 2002 259 2081 uocunde,
280 2006 436 2065 sententiae
452 2005 518 2064 loco
535 2005 631 2082 dices,
654 2007 678 2066 si
693 2003 761 2084 qnid
774 2004 923 2065 volueris'
953 2005 1143 2066 ‘Permiseris'

147 2088 261 2166 inquam
271 2087 359 2167 ‘quod
375 2105 465 2166 usque
480 2086 571 2148 adbuc
583 2089 711 2149 omnibus
725 2089 899 2166 permisisti’
922 2087 1044 2149 Resido:
1059 2105 1145 2165 agun-

148 2180 193 2231 tur
213 2169 275 2230 alia.
308 2169 421 2232 Interim
441 2189 487 2231 me
512 2170 621 2250 quidam
641 2189 678 2231 err
699 2169 894 2231 consularibus
914 2172 1011 2230 amicis
1030 2180 1144 2232 secreto
1154 2190 1188 2241 10

149 2263 303 2333 curatoque
322 2271 470 2332 sermone,
495 2255 575 2332 quasi
594 2256 675 2314 nimis
697 2253 808 2315 fortiter
827 2256 996 2333 incauteque
1010 2270 1144 2334 progres-

148 2357 227 2415 sum,
245 2339 377 2416 corripit,
392 2347 527 2416 revocat,
542 2348 637 2399 monet
652 2347 682 2399 ut
698 2338 849 2416 desistam,
870 2337 955 2398 adicit
969 2340 1051 2417 etiam
1066 2347 1145 2398 nota·

105 2421 234 2489 25bilem
247 2439 293 2481 me
304 2421 404 2482 futuris
414 2422 600 2501 principibus.
624 2420 719 2483 ‘Esto’
735 2424 857 2501 inquam,
874 2421 952 2482 ‘dum
963 2421 1066 2483 malis.2
1088 2420 1144 2482 Vix
1154 2438 1184 2490 11

147 2503 198 2566 ille
215 2504 397 2582 discesserat,
412 2523 509 2568 rursus
525 2504 597 2566 alter
611 2505 690 2584 ‘quid
704 2501 813 2567 audes?
829 2523 885 2584 quo
900 2503 981 2566 ruisi
998 2506 1099 2584 quibus
1114 2515 1144 2566 te

147 2587 283 2667 periculis
300 2583 411 2650 obicis?
436 2589 502 2669 quid
517 2590 714 2668 praesentibus
737 2588 871 2666 conlidis,
892 2591 1017 2651 incertus
1038 2589 1145 2649 futuro·

147 2667 228 2732 rum?
250 2671 370 2733 lacessis
389 2671 531 2732 hominem
544 2674 599 2733 iam
619 2671 796 2751 praelectum
816 2673 916 2733 aerarii
939 2682 968 2733 et
982 2673 1062 2733 brevi
1078 2689 1144 2731 cou-

148 2755 256 2831 sulem,
273 2765 423 2834 praeterea
438 2773 493 2835 qua
510 2757 616 2834 gratia,
638 2755 738 2835 quibus
754 2756 883 2816 amicitiis
898 2754 1030 2815 inltumi’
1050 2753 1145 2814 Nomi-

104 2849 194 2906 uonat
206 2838 355 2917 quendam,
373 2839 420 2918 qui
435 2847 502 2899 tunc
516 2839 699 2900 adorientem
713 2838 912 2918 amplissimum
924 2840 1080 2899 exercitum
1090 2856 1146 2899 non

148 2923 210 2982 sine
222 2924 329 3000 magnis
347 2920 496 3001 dubiisque
508 2924 666 2984 rumoribus
682 2922 834 2983 obtinebat.
853 2921 897 2982 Ad
913 2921 986 2983 baec
1002 2939 1059 3000 ego
1075 2926 1145 2981 ‘orn-
1154 2934 1188 2986 12

147 3007 193 3066 nia
207 3007 343 3085 praecepi
359 3005 452 3086 adque
468 3007 559 3067 animo
574 3024 686 3068 mecum
700 3015 764 3066 ante
782 3007 894 3085 peregi,
910 3023 964 3066 nec
980 3023 1101 3083 recuso,
1121 3007 1145 3066 si

147 3090 186 3150 ita
209 3107 291 3150 casus
315 3087 457 3166 attulerit,
485 3088 565 3150 luere
593 3106 700 3167 poenas
721 3089 758 3150 ob
778 3088 1006 3150 honestissimum
1029 3090 1143 3164 lactum,

148 3172 213 3233 dum
236 3173 485 3252 flagitiosissimum
505 3171 652 3235 ulciscor!
682 3170 740 3233 lam
763 3172 897 3233 censendi
918 3183 1040 3250 tempus.
1068 3170 1145 3232 Dicit
1155 3181 1189 3236 13

104 3256 287 3321 35Domitius
306 3255 495 3335 Apollinaris,
518 3255 617 3318 consul
635 3256 814 3334 designatus,
834 3256 902 3316 dicit
921 3255 1067 3316 Fabricius
1088 3254 1145 3314 Ve-

147 3343 242 3417 iento,
264 3339 367 3401 Fabius
386 3338 568 3418 Maximinus,
595 3339 706 3401 Vettius
725 3339 879 3418 Proculus,
905 3337 1018 3417 collega
1036 3338 1145 3400 Publici

148 3421 244 3501 Certi,
267 3423 302 3484 de
318 3440 374 3502 quo
389 3424 541 3502 agebatur,
557 3425 651 3484 uxoris
666 3442 746 3484 meae
760 3441 842 3502 quam
856 3425 1002 3484 amiseram
1016 3424 1145 3498 vitricus,

146 3518 213 3589 post
229 3507 283 3568 hos
297 3508 423 3569 Ammius
438 3505 569 3569 Flaccus.
594 3506 699 3568 Omnes
713 3505 828 3568 Gertum
842 3507 963 3568 nondum
973 3525 990 3568 a
1001 3524 1046 3566 mc
1057 3507 1145 3566 norri-
