2604 3972
183 279 244 344 156
601 277 635 340 0.
654 278 752 341 PLINI

179 449 253 514 quae
267 440 324 493 tom
333 448 455 510 reeens,
470 440 526 492 tum
541 433 676 509 eopiosa,
690 441 745 492 taur
760 431 825 507 latu,
841 431 965 509 denique
980 439 1035 490 tuns
1049 431 1178 509 poetion,

154 526 210 582 ret
227 531 392 596 quemquern
411 515 439 574 in
455 515 613 576 verissimis
627 515 732 592 rebus,
753 525 809 576 tum
821 513 951 576 fabulosa
967 509 1106 575 materiei
1126 512 1179 572 Di·

181 618 232 661 oet
251 600 364 660 inmisso
381 598 464 658 terris
484 614 557 660 uoto
574 597 702 677 dominu,
723 615 815 660 noros
835 606 938 676 pontes
957 595 1117 657 fluminibus
1136 599 1178 656 in·

180 684 283 758 ieetos,
298 683 409 743 insessa
423 683 523 742 eastris
537 684 672 742 mortium
686 683 816 762 abrupte,
832 680 945 760 pulsum
958 681 1049 757 regia,
1065 679 1179 760 pulsum

181 767 265 828 etiem
279 767 337 826 vitu
351 781 452 842 regem
473 763 542 824 nihil
564 763 778 844 desperantem
807 762 1003 844 superdueo,
1031 772 1112 824 aetus
1134 763 1208 826 hiso

179 848 350 927 triumphos,
368 864 487 926 quorum
500 846 572 908 elter
586 865 624 909 ex
633 849 739 911 iuvietn
752 857 840 927 geute
857 849 981 926 primus,
998 846 1071 907 niter
1082 847 1179 907 novis·

153 934 267 996 dsimus
285 931 346 992 fuit.
365 930 426 991 Une
441 930 494 992 sed
508 932 626 992 maxime
639 931 806 1008 diiiieultes,
822 929 898 1009 quod
912 930 984 991 haee
997 946 1121 1008 aequem
1138 929 1179 989 di·

181 1013 273 1076 eendo
292 1013 407 1074 arduum
428 1015 600 1090 inmensum,
624 1017 710 1076 etiem
731 1025 780 1076 tuo
800 1015 936 1092 ingenio,
959 1030 1125 1092 quemquern
1138 1013 1179 1074 el·
1291 1041 1292 1044 ¹

181 1099 292 1160 tissime
306 1097 439 1175 adsurgat
454 1105 484 1158 et
498 1097 677 1177 amplissimis
697 1098 834 1178 operibus
848 1097 998 1158 inereseot
1030 1095 1095 1158 Non
1116 1096 1179 1156 uul-

181 1181 227 1243 lns
242 1191 271 1242 et
284 1183 313 1242 iu
325 1180 376 1242 ilio
391 1179 473 1241 istor
485 1191 517 1242 ut
532 1181 650 1242 herbera
663 1190 694 1243 et
706 1181 767 1242 iere
785 1181 913 1258 nomine,
937 1183 966 1240 in
987 1181 1085 1257 primis
1100 1182 1179 1258 regis
1191 1197 1225 1249 ιο

157 1267 284 1345 iipsius,
301 1262 419 1326 Graecis
429 1266 561 1327 versibus
574 1282 631 1326 non
640 1263 788 1327 restdtent.
820 1263 878 1326 Sed
891 1263 959 1324 nihil
975 1263 1108 1343 estquod
1122 1281 1180 1324 non

181 1357 242 1410 erte
258 1365 393 1428 cuteque,
411 1349 435 1409 si
450 1365 507 1409 nou
520 1358 617 1428 potest
630 1349 717 1427 vinei,
730 1349 884 1426 mitigetur.
911 1347 1079 1425 Praetereo,
1094 1348 1120 1407 si
1133 1346 1180 1406 de·

182 1441 228 1491 tur
240 1430 364 1492 Homero
381 1440 411 1491 et
430 1430 525 1492 mollia
538 1430 679 1493 voeabula
700 1441 729 1493 et
745 1429 853 1492 Graece
872 1429 907 1491 ed
921 1429 1065 1492 levitatem
1078 1447 1181 1491 versus

182 1513 366 1591 contrahere,
391 1513 563 1592 extendere,
584 1515 750 1592 inflectere,
777 1533 827 1575 eur
846 1513 897 1576 tibi
915 1512 1014 1575 similis
1036 1511 1179 1590 rudentis,

158 1599 349 1676 spraesertim
365 1613 422 1656 nou
441 1595 562 1658 delioete
581 1597 633 1659 sed
647 1600 824 1675 necessarie,
847 1614 904 1660 uon
925 1595 1027 1658 detur?
1058 1595 1178 1657 Pnoinde
1191 1605 1224 1658 1⁵

181 1683 242 1741 iure
256 1689 351 1740 rutum
364 1682 501 1740 invocetis
515 1679 569 1758 dis,
587 1691 618 1741 et
627 1683 700 1741 inter
711 1698 764 1742 eos
775 1683 841 1759 ipso
852 1682 933 1742 euius
946 1698 996 1742 res
1008 1698 1097 1760 opere
1112 1697 1179 1740 oon·

181 1762 246 1825 silio
259 1764 385 1824 dicturus
400 1781 444 1840 es,
461 1765 577 1824 immitte
591 1763 743 1842 rudentes,
765 1765 859 1842 pende
872 1763 953 1842 reis,
971 1781 1005 1824 ee
1024 1765 1049 1826 si
1068 1763 1180 1843 quando

181 1846 261 1926 alies,
276 1855 338 1907 toto
353 1847 467 1924 iugenio
485 1846 603 1908 vehere.
630 1845 689 1908 Gur
702 1850 775 1908 enim
786 1865 844 1909 non
859 1865 916 1926 ego
932 1863 1046 1927 quoque
1062 1847 1181 1927 poetice

156 1937 247 1991 (ioum
261 1927 368 2010 poete?
382 1928 455 1991 illud
471 1931 525 1990 iem
539 1947 614 1991 nune
624 1933 771 2010 peeiseor:
790 1934 879 2011 primu
894 1949 1024 2010 quosque
1039 1940 1070 1992 ut
1085 1929 1180 1992 absol·
1294 1985 1295 1988 ,

180 2016 274 2092 veris,
296 2015 416 2092 mittito,
439 2015 522 2074 immo
544 2015 627 2075 etiem
648 2024 712 2076 unte
734 2031 817 2094 quern
836 2014 987 2092 absolvas,
1008 2015 1081 2075 sieut
1099 2022 1224 2078 eruntne

156 2098 306 2159 ireoentie
326 2106 356 2159 et
372 2097 450 2158 rudis
472 2105 502 2157 et
520 2097 613 2158 edituo
635 2098 735 2160 similis
755 2097 948 2160 nascentibus.
978 2096 1180 2177 Respondebis

181 2198 238 2240 non
251 2198 340 2260 posse
356 2180 474 2258 perinde
491 2183 608 2260 ourptinr
621 2191 651 2243 ut
667 2191 817 2258 contexta,
837 2181 955 2259 perinde
976 2181 1106 2241 inchoato
1120 2179 1180 2260 pln-

182 2281 250 2324 oere
265 2273 296 2324 ut
310 2264 423 2324 eiieotn.
444 2263 521 2323 Seio.
541 2261 639 2344 ltaque
654 2274 683 2325 et
697 2283 713 2326 ιι
726 2283 772 2326 me
787 2264 1007 2326 aestimabuntur
1020 2273 1050 2323 ut
1065 2273 1180 2343 coepte,

181 2347 385 2424 spectabuntur
399 2355 429 2407 ut
447 2347 572 2406 membru
591 2357 801 2427 extremumque
818 2347 912 2407 limam
931 2356 1006 2408 tuum
1028 2348 1181 2427 opperien-

180 2436 226 2488 tur
240 2429 269 2487 iu
280 2429 385 2489 scrinio
399 2436 508 2488 nostro.
529 2428 630 2490 Patere
645 2429 702 2489 hoo
716 2447 762 2490 rue
773 2447 862 2508 super
876 2439 973 2492 uetere
986 2430 1093 2491 iubere
1103 2447 1180 2490 rmo-
1189 2435 1223 2488 25

179 2511 219 2571 ris
229 2511 269 2572 tui
284 2513 389 2589 pignus
402 2519 433 2570 ut
449 2529 483 2572 en
505 2527 620 2591 quoque
633 2514 724 2573 norim
741 2531 814 2592 quoe
827 2530 917 2576 nosse
926 2515 1066 2576 neminem
1076 2512 1181 2575 velles.

154 2591 212 2658 Blu
226 2613 343 2673 suntme,
354 2604 457 2674 potero
471 2595 594 2657 iortesse
610 2597 717 2675 seripta
731 2606 778 2658 tun
797 2599 888 2675 magis
909 2598 1032 2676 prebere
1054 2596 1180 2674 laudare,

181 2687 285 2756 quanto
298 2676 346 2739 illu
361 2677 466 2741 tardius
481 2680 663 2759 cautiusque,
684 2680 737 2741 sed
752 2682 845 2760 ipsum
861 2689 891 2740 te
906 2682 998 2759 magis
1011 2679 1110 2742 emebo
1123 2697 1181 2741 mu·

181 2763 285 2842 gitque
299 2761 431 2842 laudubo,
447 2772 552 2842 quanto
567 2763 692 2825 celerius
706 2771 735 2824 et
749 2766 886 2825 incautius
902 2765 1024 2828 miseris.
1054 2763 1136 2826 Vele.

464 2993 491 3048 O.
510 2991 635 3044 PLINIUS
653 2994 774 3046 GEMINO
791 2994 850 3047 SUO
869 2994 896 3050 S.

20 3099 24 3106 '
156 3107 171 3158 1
245 3092 336 3155 Grave
350 3095 453 3156 vuinus
467 3094 609 3160 Macrinus
622 3107 722 3158 noster
735 3100 858 3177 eoeepit.
880 3097 983 3159 Amisit
993 3115 1113 3159 uxorem
1123 3099 1181 3158 sin·

179 3176 285 3254 guiaris
301 3177 441 3258 exempli,
462 3181 546 3240 etium
561 3183 586 3241 si
601 3178 668 3241 olim
681 3180 793 3242 iuisset.
821 3181 900 3242 Vixit
917 3200 980 3242 eum
994 3181 1048 3242 heo
1064 3181 1180 3258 triginta

178 3277 283 3321 novem
296 3264 375 3322 annis
392 3263 453 3322 sine
467 3265 575 3341 iurgio,
598 3265 660 3325 sine
676 3265 795 3325 odense.
824 3263 914 3337 Quom
928 3264 976 3324 iiio
990 3265 1223 3326 reverentiemes

178 3344 278 3403 merito
294 3362 347 3405 suo
362 3347 511 3425 praestitit,
528 3349 665 3426 cumipse
676 3343 809 3408 summurn
820 3346 990 3409 mereretur!
1007 3356 1076 3426 quot
1093 3364 1181 3425 quau

179 3435 281 3506 tesque
299 3429 419 3490 virtutes
439 3447 476 3490 ex
497 3429 617 3492 diversis
638 3432 778 3493 aetatibus
798 3440 923 3509 sumptos
945 3429 1064 3508 eollegit
1086 3440 1116 3490 et
1129 3432 1181 3489 nri·

153 3511 267 3571 nseuit!
286 3508 379 3574 Habet
398 3513 511 3592 quidem
531 3512 673 3576 Meurinus
693 3514 801 3592 pronde
822 3513 958 3574 solneiurn
978 3513 1054 3592 quod
1074 3522 1181 3574 tantum
