2604 3972
387 246 651 310 EPISTULARUM
665 246 741 308 vni.
764 257 806 311 ιιι.
823 257 864 312 19.
1066 248 1128 312 169

124 398 202 462 illius
217 401 375 480 asperitas,
392 400 460 460 mira
474 399 597 460 felicitas
611 399 726 460 horum:
746 399 823 460 illius
837 401 993 477 asperitas,
1015 403 1062 480 qui
1076 421 1127 462 nu-

125 501 205 544 mero
221 486 323 544 civium
338 483 443 546 excidit
457 501 542 563 quom
556 484 666 544 socium
680 485 763 545 etiam
777 485 806 544 in
822 483 921 544 liberis
935 483 1045 554 babuit;
1062 485 1125 548 ieli-

126 570 196 628 citas
211 567 327 646 horum,
353 568 455 647 quibus
469 568 613 630 successit
627 569 655 627 in
668 566 764 628 locum
777 567 863 647 patris
876 569 923 646 qui
938 577 1047 647 patrem
1060 569 1125 631 abs·

124 651 235 712 tulerat.
269 651 327 712 Sed
343 651 416 714 haec
430 669 546 731 quoquo
561 651 704 713 hereditas
718 650 781 711 Afri
794 661 824 712 ut
838 650 947 730 reliqua
962 669 1025 714 cum
1039 652 1148 717 fratre?

99 737 254 814 oquaesita
266 737 481 797 transmittenda·
493 745 572 797 erant
586 735 660 796 filiae
675 735 779 813 fratris,
795 753 812 796 a
828 753 884 814 quo
899 734 998 797 Tullus
1013 754 1050 796 ex
1059 753 1126 802 asse

123 820 210 879 heres
231 820 374 881 institutus
395 819 596 900 praelatusque
622 819 695 879 tiliae
720 819 829 897 luerat,
860 829 891 880 nt
916 819 1126 882 conciliaretur.

124 902 188 976 Quo
204 902 371 965 laudabilius
386 911 583 965 testamentum
595 912 652 980 est,
668 903 743 982 quod
759 903 850 981 pietas
867 902 937 964 fides
948 902 1042 983 pudor
1056 907 1126 965 scri-

123 987 191 1066 psit,
204 988 231 1046 in
247 1004 303 1066 quo
319 987 441 1066 denique
461 987 588 1048 omuibus
603 987 790 1048 adfinitatibus
803 1004 857 1066 pro
875 985 1014 1066 cuiusque
1029 987 1126 1049 cilicio

123 1072 213 1148 gratia
226 1071 315 1131 relata
329 1079 390 1150 est,
406 1070 494 1132 relata
509 1080 539 1132 et
554 1073 645 1131 uxori.
667 1069 791 1150 Accepit
804 1072 1015 1132 amoenissimas
1030 1071 1150 1152 viiluna

80 1172 116 1225 10
124 1155 238 1232 accepit
249 1173 377 1234 magnam
388 1157 536 1234 pecuniam
550 1172 623 1215 uxor
633 1154 737 1234 optima
749 1163 779 1216 et
789 1155 992 1234 patientissima
1002 1172 1036 1216 ac
1048 1165 1126 1218 tanto

123 1237 226 1300 melius
242 1237 278 1299 de
298 1241 360 1299 uiro
376 1241 492 1318 merita,
508 1248 611 1317 quanto
624 1240 714 1316 magis
731 1247 776 1300 est
790 1238 966 1318 reprehensa
980 1238 1056 1318 quod
1077 1258 1126 1299 nu·

124 1323 190 1401 psit.
210 1320 281 1382 Nam
298 1323 399 1383 mulier
412 1323 551 1384 natalibus
563 1322 656 1401 clara,
670 1323 795 1382 moribus
810 1322 916 1402 proba,
930 1331 1023 1384 aetate
1038 1323 1125 1383 decli-

123 1407 180 1485 vis,
192 1406 239 1467 diu
252 1405 352 1486 vidua,
368 1417 458 1468 mater
473 1407 560 1486 olim,
575 1423 672 1486 parum
687 1406 794 1468 decore
810 1415 910 1468 secuta
923 1408 1126 1467 matrimonium

122 1489 273 1552 uidebatur
289 1491 382 1554 divitis
397 1494 492 1570 senis,
507 1493 545 1552 ita
558 1489 661 1570 perditi
675 1491 775 1551 morbo
792 1500 822 1551 ut
836 1508 904 1554 esse
919 1489 1013 1552 taedio
1026 1501 1126 1570 posset

80 1584 114 1636 15
123 1576 207 1634 uxori
222 1591 304 1653 quam
319 1577 430 1638 iuuenis
443 1593 587 1654 sanusque
602 1573 740 1636 duxisset.
767 1573 881 1654 Quippe
900 1575 1028 1636 omnibus
1039 1589 1151 1644 mem-9

124 1659 184 1720 bris
204 1668 332 1720 extortus
350 1671 380 1720 ct
400 1660 614 1720 fractustantas
634 1675 708 1737 opes
729 1658 799 1720 solis
818 1657 910 1720 oculis
928 1660 1025 1721 obibat
1039 1677 1073 1720 ac
1089 1678 1125 1720 ne

122 1743 151 1802 in
165 1740 275 1802 lectulo
291 1742 404 1822 quidem
417 1745 471 1804 nisi
486 1743 522 1804 ab
536 1742 598 1804 aliis
613 1741 788 1803 movebatur.
810 1741 884 1816 Quin
899 1744 983 1803 etiam
995 1741 1127 1821 (loedum

120 1825 368 1905 miserandumque
390 1827 481 1905 dictu)
505 1826 606 1887 dentes
625 1825 760 1888 lavandos
781 1825 983 1906 fricandosque
1005 1827 1126 1906 praebe·

119 1910 180 1970 bat.
198 1909 332 1970 Auditum
346 1910 512 1990 frequenter
526 1929 563 1971 ex
576 1911 652 1988 ipso,
670 1927 734 1969 cum
748 1919 917 1987 quereretur
932 1910 968 1970 de
981 1920 1125 1972 contume-

77 1994 169 2059 toliis
178 1993 331 2054 debilitatis
340 2013 420 2073 suae,
433 1994 537 2072 digitos
552 2011 585 2053 se
597 2009 746 2053 servorum
755 2009 871 2052 suorum
884 1993 988 2054 cotidie
1003 1992 1124 2070 lingere.

119 2077 246 2140 Vivebat
259 2086 352 2138 tamen
368 2089 397 2140 et
411 2079 510 2138 vivere
529 2075 656 2153 volebat,
678 2085 854 2137 sustentante
878 2077 997 2138 maxims
1022 2093 1124 2154 uxore,
1135 2092 1169 2144 ιο

119 2179 196 2240 quae
213 2161 325 2241 culpam
338 2162 463 2222 inchoati
476 2160 643 2221 matrimonii
656 2161 684 2218 in
698 2159 818 2237 gloriam
832 2161 1046 2239 perseuerantia
1061 2179 1125 2221 ver·

119 2254 205 2306 terat.
241 2244 336 2307 Habes
357 2263 454 2306 omnes
475 2243 585 2306 fabulas
606 2243 699 2304 urbis:
724 2261 790 2321 nam,
807 2252 872 2303 sunt
893 2260 992 2308 omnes
1013 2243 1125 2306 labulac
1136 2258 1168 2310 11

120 2327 232 2389 Tullus.
248 2328 439 2409 Exspectatur
448 2330 552 2392 auctio.
573 2327 638 2388 Fuit
646 2329 720 2388 enim
731 2337 787 2388 tam
799 2329 935 2407 copiosus
944 2336 974 2387 ut
986 2327 1126 2408 amplissi-

77 2427 111 2480 25
119 2429 184 2474 mos
200 2411 299 2476 hortos
315 2413 417 2476 eodem
433 2432 491 2493 quo
506 2421 613 2476 emerat
631 2411 677 2472 die
691 2413 854 2474 instruxerit
868 2412 995 2491 plurimis
1010 2422 1040 2474 et
1056 2413 1126 2474 anti·

120 2498 265 2574 quissimis
281 2499 390 2558 statuis.
420 2496 537 2577 Tantum
544 2496 597 2577 pili
612 2494 865 2574 pulcherrimorum
884 2513 1001 2576 operum
1014 2497 1044 2556 in
1059 2497 1126 2557 hora

118 2581 197 2658 reis,
219 2598 290 2660 quae
311 2581 494 2658 neglegebat.
523 2580 649 2642 Invicem
668 2589 710 2657 tu,
734 2579 844 2658 siquid
865 2582 931 2641 istic
947 2580 1069 2658 epistula
1084 2579 1125 2638 di·

120 2681 220 2742 gnum‚
232 2682 268 2724 ne
279 2683 407 2742 gravare.
429 2663 500 2726 Nam
513 2682 577 2724 cum
586 2681 670 2724 aures
680 2662 824 2724 hominum
835 2666 959 2726 novitate
975 2663 1124 2740 laetantur,
1136 2674 1169 2726 12

121 2757 182 2808 tum
197 2746 233 2808 ad
246 2749 382 2811 rationem
396 2751 471 2810 vitae
488 2746 629 2826 exemplis
645 2745 796 2807 erudimur.
826 2747 906 2809 Vale.

77 2844 113 2899 ³⁰
562 2875 680 2936 xvnn.

400 2975 427 3026 ὓ.
446 2975 571 3028 PLINIUS
590 2975 723 3026 MAXIMO
742 2974 801 3026 SUO
821 2973 848 3028 S.

184 3074 224 3138 Et
238 3075 368 3152 gaudium
387 3074 454 3137 mihi
471 3085 500 3140 et
515 3077 652 3140 solacium
664 3079 694 3154 in
710 3077 829 3154 litteris,
852 3075 977 3156 nihilque
997 3084 1051 3135 tam
1068 3073 1151 3140 lue-1

120 3170 181 3222 tum
202 3159 280 3238 quod
299 3160 343 3221 bis
364 3159 484 3239 laetius,
508 3171 563 3222 tam
582 3163 663 3224 triste
685 3161 762 3241 quod
781 3177 837 3222 non
852 3177 907 3239 per
919 3159 969 3220 bas
985 3160 1022 3222 eit
1035 3159 1125 3220 minus

77 3252 113 3308 35
123 3246 215 3308 triste.
248 3242 350 3323 ltaque
372 3255 401 3308 et
415 3247 573 3308 infirmitate
589 3247 685 3306 uxoris
703 3253 732 3306 et
747 3261 874 3306 meorum
890 3241 1038 3323 periculo,
1056 3257 1126 3321 quo·

122 3328 239 3389 tundam
260 3346 330 3392 vero
352 3331 435 3390 etiarn
456 3339 548 3390 morto
569 3329 716 3407 turbatus,
737 3328 772 3390 ad
791 3330 904 3390 unicum
921 3325 1028 3389 doloris
1049 3326 1126 3388 leua-

123 3421 248 3474 mentum
268 3413 359 3475 studia
380 3413 513 3491 coniugi,
536 3431 609 3492 quae
632 3422 776 3491 praestant
796 3421 827 3472 ut
846 3410 967 3472 adversa
982 3411 1072 3490 magis
1085 3410 1126 3469 in·

123 3495 271 3576 wilegam,
283 3496 336 3560 sed
350 3499 501 3578 patientius
513 3496 611 3559 leram.
633 3495 688 3560 Est
698 3505 792 3558 autem
802 3495 868 3556 mihi
880 3496 966 3556 morie
978 3493 1055 3574 quod
1065 3503 1153 3555 sumn
