2580 3970
181 295 244 362 240
601 292 634 354 d.
654 291 751 354 Pbllll

179 449 234 510 sint
247 454 337 506 actae.
371 441 515 522 Nusquam
531 451 562 503 ut
580 443 653 520 deo,
676 459 813 521 nusquam
827 451 859 502 nt
872 442 977 503 numini
991 440 1187 503 blandiamur:

177 548 234 592 non
249 529 323 590 enim
338 527 374 588 de
388 536 506 603 tyranno
522 525 575 587 sed
590 525 626 586 de
643 528 723 604 cive,
743 543 801 586 non
815 524 852 586 de
867 524 980 586 domino
1003 525 1056 587 sed
1078 525 1115 585 de
1131 543 1188 604 pa·
1280 514 1281 564 l

177 623 258 675 rente
272 611 422 690 loquimur.
454 610 546 671 Unum
561 609 611 670 ille
627 626 660 670 se
676 627 713 670 ex
726 609 828 685 nobis,
843 617 873 668 et
886 608 943 669 hoc
957 609 1046 686 magis
1061 607 1186 669 excellit

178 706 264 776 atque
279 695 399 769 andnet,
422 691 499 772 quod
513 710 598 752 unum
613 711 651 753 ex
666 692 750 754 nobis
769 701 850 772 putat
863 708 919 753 nec
933 693 1024 754 minus
1039 691 1186 752 bominem

178 800 212 842 se
227 795 308 858 mam
324 777 482 837 hominibus
497 792 635 854 praeesse
648 777 783 837 meminit.
805 774 1009 854 Intellegamus
1021 792 1092 853 ergo
1107 775 1211 834 bonae

177 871 292 939 nostra,
307 860 469 939 dignosque
483 875 536 920 nos
550 858 608 920 illis
620 877 674 920 usu
684 857 856 938 probemus,
871 867 957 937 atque
968 857 1122 919 identidem
1133 875 1186 918 co·

177 949 300 1024 gitemus
316 961 407 1021 quam
427 945 467 1004 sit
485 943 646 1020 indignam
667 943 692 1003 si
707 944 795 1004 maius
809 941 986 1021 principibus
1002 949 1186 1022 praestemus
1281 1004 1282 1008 ,

177 1029 345 1107 obsequium
365 1027 412 1104 qui
433 1027 571 1088 servitute
593 1026 697 1086 civium
712 1043 795 1104 quam
810 1026 858 1104 qui
880 1024 1013 1086 libertate
1032 1023 1185 1086 laetantur.
1281 1027 1282 1062 ³

174 1111 212 1173 Ει
228 1110 353 1190 populus
368 1109 483 1188 quidem
493 1109 636 1170 Romanus
649 1107 783 1170 dilectum
794 1109 954 1187 principum
966 1118 1078 1185 servat,
1095 1124 1186 1186 quan·

176 1205 263 1274 toque
277 1193 363 1274 paulo
376 1201 441 1254 ante
462 1201 603 1254 concentu
621 1193 777 1253 lormesum
795 1191 880 1251 alium
900 1191 975 1253 hune
996 1190 1184 1252 fortissimum
1193 1196 1228 1250 lo

176 1285 328 1359 personat,
350 1277 510 1356 quibusque
532 1275 682 1354 aliquando
700 1275 871 1336 clamoribus
886 1285 999 1352 gestum
1015 1273 1133 1336 alterius
1153 1283 1186 1335 et

176 1378 280 1424 vocem
309 1360 392 1421 huius
422 1363 557 1439 pietatem
586 1359 782 1421 abstinentiam
811 1358 1053 1419 mansuetudinem
1077 1357 1183 1419 laudat.

177 1445 252 1518 Quid
262 1462 315 1506 nos
326 1439 403 1523 ipsi?
417 1444 590 1504 divinitatem
603 1442 740 1522 principis
755 1443 845 1503 nostri
855 1461 889 1504 an
900 1441 1099 1502 humanitatem
1111 1447 1184 1502 tem·

176 1527 331 1606 percutiam
348 1526 527 1602 facilitatem,
546 1535 576 1586 ut
589 1534 709 1587 amovet
720 1525 852 1605 gaudium
863 1524 943 1604 tulit,
961 1525 1088 1587 universi
1098 1541 1184 1603 prae·

177 1611 271 1671 dicare
293 1606 441 1670 solemus?
470 1610 527 1670 lam
545 1608 611 1687 quid
627 1619 683 1670 tam
705 1609 807 1686 civile,
833 1619 890 1670 tam
910 1609 1081 1670 senatorium
1098 1605 1229 1686 quaml-'³
1282 1655 1283 1676 ,

176 1693 246 1754 illud
262 1691 386 1753 additum
399 1710 416 1752 a
428 1693 512 1753 nobis
528 1693 627 1769 optimi
643 1690 825 1770 cognomen?
845 1691 923 1772 quod
936 1691 1083 1771 peculiare
1097 1691 1183 1752 huius
1282 1701 1283 1738 ὲ

176 1786 206 1838 et
227 1777 372 1856 proprium
390 1773 553 1853 adrogantia
574 1776 700 1853 priomm
723 1776 882 1854 principum
904 1775 982 1837 iecit.
1027 1775 1183 1837 Enimvero

177 1878 261 1940 quam
277 1876 441 1937 commune,
465 1876 546 1939 quam
562 1877 599 1919 ex
611 1875 704 1938 aequo
721 1858 797 1938 quod
810 1858 915 1921 felices
929 1875 1000 1938 nos,
1017 1858 1133 1919 lelicem
1146 1857 1183 1918 il-

176 1943 235 2004 lum
249 1943 444 2024 praedicamus
459 1942 634 2020 alternisque
650 1944 726 2003 votis
750 1941 836 2003 ‘baec
849 1943 951 2020 faeiat,
974 1943 1047 2004 baec
1061 1940 1181 2017 audiat’,

177 2029 257 2106 quasi
270 2044 327 2087 non
344 2026 462 2105 dicturi,
477 2028 532 2088 uisi
546 2026 666 2105 iecerit,
683 2024 908 2106 conprecamuri
926 2027 972 2087 Ad
986 2045 1056 2106 quas
1068 2025 1119 2085 ille
1130 2027 1229 2085 vobo

177 2129 228 2173 ces
242 2109 366 2171 lacrimis
382 2111 466 2170 etiam
481 2127 517 2172 ac
529 2110 619 2170 multo
629 2109 740 2189 pudore
754 2109 934 2171 suffunditur.
952 2110 1095 2186 Agnoscit
1108 2109 1184 2168 enim
1283 2139 1284 2154 ι

148 2195 319 2271 dsentitqne
337 2193 411 2272 sibi,
435 2211 492 2254 non
512 2195 635 2272 principi
652 2191 719 2254 dici.
762 2191 853 2271 lgitnr
874 2191 950 2272 qnod
973 2201 1182 2271 temperamen·
1283 2191 1284 2196 ’

176 2286 235 2336 tum
251 2293 350 2337 omnes
367 2277 396 2335 in
411 2275 462 2336 illo
477 2276 571 2338 subito
589 2277 702 2356 pietatis
719 2276 816 2337 calore
837 2276 1031 2352 servavimus,
1052 2275 1110 2334 boc
1124 2276 1184 2336 sin·

177 2359 237 2438 guli
257 2373 371 2436 quoque
388 2358 570 2438 meditatique
592 2369 755 2437 teneamus,
784 2359 964 2438 sciamusque
984 2356 1091 2419 nullum
1113 2375 1183 2419 esse

176 2457 271 2520 neque
288 2440 425 2500 sincerius
445 2459 540 2520 neque
559 2442 708 2519 acceptius
729 2459 821 2519 genus
841 2444 991 2520 gratiarum
1005 2459 1088 2522 quam
1105 2441 1228 2519 quod25

176 2523 247 2584 illas
261 2522 478 2584 adclamationes
500 2521 657 2584 aemuletur
678 2542 751 2602 quae
772 2525 896 2604 dngendi
917 2543 974 2586 non
989 2525 1097 2587 babent
1109 2533 1183 2586 tem·

176 2625 241 2686 pus.
280 2606 419 2681 Quantum
437 2607 472 2667 od
491 2625 537 2667 me
558 2609 698 2686 pertinet,
720 2607 857 2670 laborabo
875 2620 905 2671 nt
921 2611 1076 2671 orationem
1090 2625 1184 2669 meam

176 2691 212 2754 ad
225 2690 391 2754 modestiam
405 2692 542 2772 principis
556 2691 835 2772 moderationemque
852 2695 1037 2769 samnitem,
1059 2709 1114 2753 nec
1129 2694 1182 2752 mi-

175 2794 228 2836 nns
245 2775 432 2837 considerabo
449 2775 516 2855 quid
535 2793 619 2839 aures
638 2777 701 2837 eius
717 2777 776 2854 pati
789 2776 901 2855 possint
915 2793 998 2855 quam
1013 2775 1080 2855 quid
1092 2777 1182 2835 virtu·

175 2860 252 2920 tibus
274 2857 420 2919 debeatur.
452 2857 555 2936 llagna
576 2867 605 2920 et
624 2859 754 2920 inusitata
768 2860 908 2939 principis
923 2859 1030 2938 gloria,
1057 2860 1103 2920 cui
1117 2863 1229 2938 gra-³0

176 2944 229 3000 tias
248 2949 363 3000 acturus
382 2958 439 3001 non
459 2951 516 3001 tarn
535 2959 639 3002 vereor
656 2959 695 3002 ne
709 2961 755 3003 me
776 2944 804 3002 in
823 2941 955 3005 laudibus
977 2944 1037 3006 suis
1061 2960 1182 3021 parcum

178 3038 260 3101 qnam
278 3041 315 3082 ne
335 3023 448 3082 nimium
464 3032 553 3102 putet.
595 3024 674 3086 llaec
688 3043 734 3086 ms
750 3043 835 3104 cura,
860 3027 933 3088 haec
950 3024 1103 3087 difficultas
1117 3024 1182 3084 sola

178 3108 356 3168 clrcumstat:
376 3124 439 3166 nam
452 3109 572 3169 merenti
586 3110 691 3188 gratias
706 3127 796 3188 agere
810 3109 898 3170 iacile
915 3119 978 3188 est,
998 3119 1095 3189 patres
1107 3125 1182 3170 con·

177 3191 287 3270 scripti.
313 3187 377 3250 llon
393 3193 466 3251 enim
481 3191 639 3271 periculum
655 3201 765 3270 estne,
783 3211 846 3253 cum
859 3193 960 3274 loquar
973 3193 1010 3254 de
1025 3191 1181 3254 humanita-

177 3282 223 3350 te,
236 3275 400 3353 exprobrari
411 3275 466 3336 sibi
478 3276 639 3354 superbiam
650 3275 762 3352 credat,
777 3295 841 3337 cum
853 3277 889 3338 de
903 3275 1082 3354 frugalitate,
1097 3273 1227 3336 luxu-³⁵

176 3359 262 3435 dam,
276 3374 339 3416 curn
351 3358 387 3418 de
403 3358 568 3437 clementia,
581 3359 785 3438 crudelitatem,
799 3378 862 3420 cum
874 3360 910 3422 de
920 3359 1102 3438 liberalitate,
1114 3377 1181 3420 ava·

176 3440 283 3518 ritiam,
301 3457 364 3501 cmn
379 3442 416 3502 de
429 3443 618 3521 benignitate,
636 3443 770 3521 livorem,
787 3461 851 3504 cum
863 3443 900 3504 de
911 3443 1099 3521 continentia,
1113 3441 1181 3503 libi-

178 3523 288 3602 dinem,
303 3541 366 3584 cnm
379 3524 414 3587 de
424 3524 539 3606 labore,
554 3527 697 3605 inertiam,
716 3545 780 3587 cum
791 3525 826 3588 de
840 3525 1021 3607 fortitudine,
1036 3528 1181 3588 timorem.
