<?xml version="1.0" encoding="UTF-8"?>
<!DOCTYPE html PUBLIC "-//W3C//DTD XHTML 1.0 Transitional//EN"
    "http://www.w3.org/TR/xhtml1/DTD/xhtml1-transitional.dtd">
<html xmlns="http://www.w3.org/1999/xhtml" xml:lang="en" lang="en">
 <head>
  <title>
</title>
<meta http-equiv="Content-Type" content="text/html;charset=utf-8" />
  <meta name='ocr-system' content='tesseract 3.04.00' />
  <meta name='ocr-capabilities' content='ocr_page ocr_carea ocr_par ocr_line ocrx_word'/>
</head>
<body>
  <div class='ocr_page' id='page_1' title='image "./cplinicaecilise05plingoog_0094.png"; bbox 0 0 2584 3972; ppageno 0'>
   <div class='ocr_carea' id='block_1_1' title="bbox 423 280 1123 346">
    <p class='ocr_par' dir='ltr' id='par_1_1' title="bbox 423 280 1123 346">
     <span class='ocr_line' id='line_1_1' title="bbox 423 280 1123 346; baseline -0.004 -1"><span class='ocrx_word' id='word_1_1' title='bbox 423 281 687 345; x_wconf 80' lang='lat' dir='ltr'>EPISTULARUM</span> <span class='ocrx_word' id='word_1_2' title='bbox 709 282 759 343; x_wconf 86' lang='lat' dir='ltr'>lll.</span> <span class='ocrx_word' id='word_1_3' title='bbox 783 292 826 346; x_wconf 86' lang='lat'>19.</span> <span class='ocrx_word' id='word_1_4' title='bbox 1083 280 1123 343; x_wconf 84' lang='lat'>63</span> 
     </span>
    </p>
   </div>
   <div class='ocr_carea' id='block_1_2' title="bbox 335 435 897 608">
    <p class='ocr_par' dir='ltr' id='par_1_2' title="bbox 335 435 897 608">
     <span class='ocr_line' id='line_1_2' title="bbox 562 435 682 497; baseline -0.017 0"><span class='ocrx_word' id='word_1_5' title='bbox 562 435 682 497; x_wconf 87' lang='lat' dir='ltr'>xv1111.</span> 
     </span>
     <span class='ocr_line' id='line_1_3' title="bbox 335 550 897 608; baseline -0.009 -2"><span class='ocrx_word' id='word_1_6' title='bbox 335 554 363 608; x_wconf 82' lang='lat' dir='ltr'>C.</span> <span class='ocrx_word' id='word_1_7' title='bbox 381 554 508 607; x_wconf 78' lang='lat' dir='ltr'><strong>PLINIUS</strong></span> <span class='ocrx_word' id='word_1_8' title='bbox 528 551 677 606; x_wconf 82' lang='lat' dir='ltr'>CALVlSlO</span> <span class='ocrx_word' id='word_1_9' title='bbox 695 552 780 605; x_wconf 83' lang='lat' dir='ltr'><strong>RUFO</strong></span> <span class='ocrx_word' id='word_1_10' title='bbox 799 550 860 602; x_wconf 86' lang='lat' dir='ltr'>SUO</span> <span class='ocrx_word' id='word_1_11' title='bbox 878 551 897 602; x_wconf 82' lang='lat' dir='ltr'>S</span> 
     </span>
    </p>
   </div>
   <div class='ocr_carea' id='block_1_3' title="bbox 71 689 1148 3472">
    <p class='ocr_par' dir='ltr' id='par_1_3' title="bbox 71 689 1148 3472">
     <span class='ocr_line' id='line_1_4' title="bbox 159 689 1146 771; baseline -0.002 -17"><span class='ocrx_word' id='word_1_12' title='bbox 159 693 288 756; x_wconf 78' lang='lat' dir='ltr'>Adsumo</span> <span class='ocrx_word' id='word_1_13' title='bbox 311 703 339 754; x_wconf 89' lang='lat' dir='ltr'>te</span> <span class='ocrx_word' id='word_1_14' title='bbox 360 693 388 753; x_wconf 93' lang='lat' dir='ltr'>iu</span> <span class='ocrx_word' id='word_1_15' title='bbox 410 691 557 754; x_wconf 88' lang='lat' dir='ltr'>consilium</span> <span class='ocrx_word' id='word_1_16' title='bbox 578 694 619 752; x_wconf 90' lang='lat' dir='ltr'>rei</span> <span class='ocrx_word' id='word_1_17' title='bbox 640 691 800 771; x_wconf 79' lang='lat' dir='ltr'>familiaris,</span> <span class='ocrx_word' id='word_1_18' title='bbox 826 703 856 754; x_wconf 92' lang='lat' dir='ltr'>ut</span> <span class='ocrx_word' id='word_1_19' title='bbox 876 691 968 754; x_wconf 85' lang='lat' dir='ltr'>soleo.</span> <span class='ocrx_word' id='word_1_20' title='bbox 1007 689 1146 758; x_wconf 77' lang='lat' dir='ltr'>Praedia]</span> 
     </span>
     <span class='ocr_line' id='line_1_5' title="bbox 88 777 1122 858; baseline -0.005 -18"><span class='ocrx_word' id='word_1_21' title='bbox 88 781 196 858; x_wconf 69' lang='lat' dir='ltr'>bagris</span> <span class='ocrx_word' id='word_1_22' title='bbox 217 779 288 839; x_wconf 86' lang='lat' dir='ltr'>meis</span> <span class='ocrx_word' id='word_1_23' title='bbox 309 779 402 837; x_wconf 85' lang='lat' dir='ltr'>uicina</span> <span class='ocrx_word' id='word_1_24' title='bbox 419 787 504 856; x_wconf 89' lang='lat' dir='ltr'>atque</span> <span class='ocrx_word' id='word_1_25' title='bbox 526 778 609 838; x_wconf 88' lang='lat' dir='ltr'>etiam</span> <span class='ocrx_word' id='word_1_26' title='bbox 624 778 730 838; x_wconf 89' lang='lat' dir='ltr'>inserta</span> <span class='ocrx_word' id='word_1_27' title='bbox 744 777 855 838; x_wconf 87' lang='lat' dir='ltr'>venalia</span> <span class='ocrx_word' id='word_1_28' title='bbox 870 787 943 839; x_wconf 90' lang='lat' dir='ltr'>sunt.</span> <span class='ocrx_word' id='word_1_29' title='bbox 972 777 1004 838; x_wconf 88' lang='lat' dir='ltr'>ln</span> <span class='ocrx_word' id='word_1_30' title='bbox 1017 778 1061 842; x_wconf 93' lang='lat' dir='ltr'>bis</span> <span class='ocrx_word' id='word_1_31' title='bbox 1075 793 1122 836; x_wconf 89' lang='lat' dir='ltr'>me</span> 
     </span>
     <span class='ocr_line' id='line_1_6' title="bbox 115 860 1148 940; baseline 0.001 -17"><span class='ocrx_word' id='word_1_32' title='bbox 115 862 204 924; x_wconf 88' lang='lat' dir='ltr'>multa</span> <span class='ocrx_word' id='word_1_33' title='bbox 226 860 394 938; x_wconf 66' lang='lat' dir='ltr'>sollicitant,</span> <span class='ocrx_word' id='word_1_34' title='bbox 417 861 509 940; x_wconf 89' lang='lat' dir='ltr'>aliqua</span> <span class='ocrx_word' id='word_1_35' title='bbox 529 879 585 922; x_wconf 90' lang='lat' dir='ltr'>nec</span> <span class='ocrx_word' id='word_1_36' title='bbox 602 863 710 922; x_wconf 89' lang='lat' dir='ltr'>minora</span> <span class='ocrx_word' id='word_1_37' title='bbox 725 860 877 922; x_wconf 88' lang='lat' dir='ltr'>deterrent.</span> <span class='ocrx_word' id='word_1_38' title='bbox 910 861 1051 923; x_wconf 87' lang='lat' dir='ltr'>Sollicitat</span> <span class='ocrx_word' id='word_1_39' title='bbox 1065 861 1148 940; x_wconf 76' lang='lat' dir='ltr'>pri-2</span> 
     </span>
     <span class='ocr_line' id='line_1_7' title="bbox 115 945 1121 1027; baseline 0.001 -20"><span class='ocrx_word' id='word_1_40' title='bbox 115 966 192 1007; x_wconf 90' lang='lat' dir='ltr'>mum</span> <span class='ocrx_word' id='word_1_41' title='bbox 206 948 269 1025; x_wconf 89' lang='lat' dir='ltr'>ipsa</span> <span class='ocrx_word' id='word_1_42' title='bbox 283 945 463 1027; x_wconf 78' lang='lat' dir='ltr'>pulchritudo</span> <span class='ocrx_word' id='word_1_43' title='bbox 483 945 634 1024; x_wconf 82' lang='lat' dir='ltr'>iungendi,</span> <span class='ocrx_word' id='word_1_44' title='bbox 656 945 758 1006; x_wconf 88' lang='lat' dir='ltr'>deinde</span> <span class='ocrx_word' id='word_1_45' title='bbox 779 945 855 1026; x_wconf 91' lang='lat' dir='ltr'>quod</span> <span class='ocrx_word' id='word_1_46' title='bbox 876 961 932 1007; x_wconf 93' lang='lat' dir='ltr'>non</span> <span class='ocrx_word' id='word_1_47' title='bbox 947 948 1037 1009; x_wconf 89' lang='lat' dir='ltr'>minus</span> <span class='ocrx_word' id='word_1_48' title='bbox 1051 947 1121 1008; x_wconf 89' lang='lat' dir='ltr'>utile</span> 
     </span>
     <span class='ocr_line' id='line_1_8' title="bbox 118 1029 1121 1112; baseline 0.001 -20"><span class='ocrx_word' id='word_1_49' title='bbox 118 1049 201 1112; x_wconf 86' lang='lat' dir='ltr'>quarn</span> <span class='ocrx_word' id='word_1_50' title='bbox 214 1031 417 1109; x_wconf 84' lang='lat' dir='ltr'>voluptuosum</span> <span class='ocrx_word' id='word_1_51' title='bbox 431 1047 519 1109; x_wconf 87' lang='lat' dir='ltr'>posse</span> <span class='ocrx_word' id='word_1_52' title='bbox 536 1041 654 1109; x_wconf 89' lang='lat' dir='ltr'>utraque</span> <span class='ocrx_word' id='word_1_53' title='bbox 670 1029 768 1091; x_wconf 89' lang='lat' dir='ltr'>eadem</span> <span class='ocrx_word' id='word_1_54' title='bbox 786 1048 883 1109; x_wconf 89' lang='lat' dir='ltr'>opera,</span> <span class='ocrx_word' id='word_1_55' title='bbox 900 1029 1003 1092; x_wconf 90' lang='lat' dir='ltr'>eodem</span> <span class='ocrx_word' id='word_1_56' title='bbox 1018 1033 1121 1093; x_wconf 86' lang='lat' dir='ltr'>viatico</span> 
     </span>
     <span class='ocr_line' id='line_1_9' title="bbox 116 1113 1121 1195; baseline 0 -19"><span class='ocrx_word' id='word_1_57' title='bbox 116 1118 253 1191; x_wconf 87' lang='lat' dir='ltr'>inuisere,</span> <span class='ocrx_word' id='word_1_58' title='bbox 269 1115 321 1175; x_wconf 93' lang='lat' dir='ltr'>sub</span> <span class='ocrx_word' id='word_1_59' title='bbox 337 1113 440 1175; x_wconf 90' lang='lat' dir='ltr'>eodem</span> <span class='ocrx_word' id='word_1_60' title='bbox 455 1123 640 1193; x_wconf 81' lang='lat' dir='ltr'>procuratore</span> <span class='ocrx_word' id='word_1_61' title='bbox 655 1133 690 1175; x_wconf 92' lang='lat' dir='ltr'>ac</span> <span class='ocrx_word' id='word_1_62' title='bbox 703 1132 795 1195; x_wconf 88' lang='lat' dir='ltr'>paene</span> <span class='ocrx_word' id='word_1_63' title='bbox 808 1115 900 1176; x_wconf 87' lang='lat' dir='ltr'>isdem</span> <span class='ocrx_word' id='word_1_64' title='bbox 914 1115 1058 1178; x_wconf 85' lang='lat' dir='ltr'>actoribus</span> <span class='ocrx_word' id='word_1_65' title='bbox 1074 1118 1121 1176; x_wconf 89' lang='lat' dir='ltr'>ha·</span> 
     </span>
     <span class='ocr_line' id='line_1_10' title="bbox 72 1197 1148 1277; baseline 0.006 -23"><span class='ocrx_word' id='word_1_66' title='bbox 72 1201 199 1277; x_wconf 84' lang='lat' dir='ltr'>lohere,</span> <span class='ocrx_word' id='word_1_67' title='bbox 215 1215 296 1259; x_wconf 90' lang='lat' dir='ltr'>unam</span> <span class='ocrx_word' id='word_1_68' title='bbox 310 1197 405 1259; x_wconf 79' lang='lat' dir='ltr'>villam</span> <span class='ocrx_word' id='word_1_69' title='bbox 427 1198 525 1259; x_wconf 89' lang='lat' dir='ltr'>colere</span> <span class='ocrx_word' id='word_1_70' title='bbox 541 1208 571 1260; x_wconf 88' lang='lat' dir='ltr'>et</span> <span class='ocrx_word' id='word_1_71' title='bbox 585 1216 702 1275; x_wconf 91' lang='lat' dir='ltr'>ornare,</span> <span class='ocrx_word' id='word_1_72' title='bbox 724 1198 842 1258; x_wconf 89' lang='lat' dir='ltr'>alteram</span> <span class='ocrx_word' id='word_1_73' title='bbox 853 1208 959 1260; x_wconf 87' lang='lat' dir='ltr'>tantum</span> <span class='ocrx_word' id='word_1_74' title='bbox 973 1202 1055 1260; x_wconf 91' lang='lat' dir='ltr'>tueri.</span> <span class='ocrx_word' id='word_1_75' title='bbox 1077 1199 1148 1260; x_wconf 83' lang='lat' dir='ltr'>ln·3</span> 
     </span>
     <span class='ocr_line' id='line_1_11' title="bbox 117 1281 1120 1362; baseline -0.002 -17"><span class='ocrx_word' id='word_1_76' title='bbox 117 1293 162 1346; x_wconf 87' lang='lat' dir='ltr'>est</span> <span class='ocrx_word' id='word_1_77' title='bbox 177 1284 243 1344; x_wconf 89' lang='lat' dir='ltr'>huic</span> <span class='ocrx_word' id='word_1_78' title='bbox 266 1285 467 1362; x_wconf 90' lang='lat' dir='ltr'>computationi</span> <span class='ocrx_word' id='word_1_79' title='bbox 487 1293 616 1362; x_wconf 90' lang='lat' dir='ltr'>sumptus</span> <span class='ocrx_word' id='word_1_80' title='bbox 637 1281 844 1361; x_wconf 89' lang='lat' dir='ltr'>supellectilis,</span> <span class='ocrx_word' id='word_1_81' title='bbox 868 1294 996 1362; x_wconf 86' lang='lat' dir='ltr'>sumptus</span> <span class='ocrx_word' id='word_1_82' title='bbox 1019 1285 1120 1344; x_wconf 89' lang='lat' dir='ltr'>atrien-</span> 
     </span>
     <span class='ocr_line' id='line_1_12' title="bbox 116 1367 1120 1446; baseline -0.004 -16"><span class='ocrx_word' id='word_1_83' title='bbox 116 1371 199 1446; x_wconf 90' lang='lat' dir='ltr'>sium,</span> <span class='ocrx_word' id='word_1_84' title='bbox 215 1370 411 1446; x_wconf 77' lang='lat' dir='ltr'>topiariorum,</span> <span class='ocrx_word' id='word_1_85' title='bbox 426 1367 569 1429; x_wconf 88' lang='lat' dir='ltr'>fabrorum</span> <span class='ocrx_word' id='word_1_86' title='bbox 584 1376 669 1445; x_wconf 89' lang='lat' dir='ltr'>atque</span> <span class='ocrx_word' id='word_1_87' title='bbox 684 1368 766 1427; x_wconf 90' lang='lat' dir='ltr'>etiam</span> <span class='ocrx_word' id='word_1_88' title='bbox 781 1369 919 1427; x_wconf 89' lang='lat' dir='ltr'>venatorii</span> <span class='ocrx_word' id='word_1_89' title='bbox 930 1369 1120 1437; x_wconf 87' lang='lat' dir='ltr'>instrumenti;</span> 
     </span>
     <span class='ocr_line' id='line_1_13' title="bbox 116 1450 1121 1532; baseline 0 -19"><span class='ocrx_word' id='word_1_90' title='bbox 116 1471 190 1532; x_wconf 87' lang='lat' dir='ltr'>quae</span> <span class='ocrx_word' id='word_1_91' title='bbox 206 1451 355 1532; x_wconf 92' lang='lat' dir='ltr'>plurimum</span> <span class='ocrx_word' id='word_1_92' title='bbox 375 1450 466 1513; x_wconf 82' lang='lat' dir='ltr'>refert</span> <span class='ocrx_word' id='word_1_93' title='bbox 486 1469 570 1512; x_wconf 92' lang='lat' dir='ltr'>uuum</span> <span class='ocrx_word' id='word_1_94' title='bbox 590 1450 730 1511; x_wconf 89' lang='lat' dir='ltr'>inlocum</span> <span class='ocrx_word' id='word_1_95' title='bbox 752 1451 884 1513; x_wconf 89' lang='lat' dir='ltr'>conferas</span> <span class='ocrx_word' id='word_1_96' title='bbox 905 1469 939 1512; x_wconf 92' lang='lat' dir='ltr'>an</span> <span class='ocrx_word' id='word_1_97' title='bbox 960 1453 988 1512; x_wconf 93' lang='lat' dir='ltr'>in</span> <span class='ocrx_word' id='word_1_98' title='bbox 1009 1452 1121 1513; x_wconf 84' lang='lat' dir='ltr'>diuersa</span> 
     </span>
     <span class='ocr_line' id='line_1_14' title="bbox 116 1533 1147 1615; baseline 0 -19"><span class='ocrx_word' id='word_1_99' title='bbox 116 1537 277 1615; x_wconf 80' lang='lat' dir='ltr'>dispergas.</span> <span class='ocrx_word' id='word_1_100' title='bbox 308 1533 413 1596; x_wconf 84' lang='lat' dir='ltr'>Gontra</span> <span class='ocrx_word' id='word_1_101' title='bbox 432 1553 537 1596; x_wconf 87' lang='lat' dir='ltr'>vereor</span> <span class='ocrx_word' id='word_1_102' title='bbox 558 1555 594 1596; x_wconf 91' lang='lat' dir='ltr'>ne</span> <span class='ocrx_word' id='word_1_103' title='bbox 617 1536 653 1596; x_wconf 87' lang='lat' dir='ltr'>sit</span> <span class='ocrx_word' id='word_1_104' title='bbox 673 1537 815 1596; x_wconf 89' lang='lat' dir='ltr'>incautum</span> <span class='ocrx_word' id='word_1_105' title='bbox 835 1554 895 1597; x_wconf 90' lang='lat' dir='ltr'>rem</span> <span class='ocrx_word' id='word_1_106' title='bbox 914 1545 971 1597; x_wconf 89' lang='lat' dir='ltr'>tam</span> <span class='ocrx_word' id='word_1_107' title='bbox 992 1544 1147 1614; x_wconf 71' lang='lat' dir='ltr'>magnam</span> 
     </span>
     <span class='ocr_line' id='line_1_15' title="bbox 74 1619 1122 1699; baseline 0.002 -21"><span class='ocrx_word' id='word_1_108' title='bbox 74 1621 208 1682; x_wconf 76' lang='lat' dir='ltr'>lbisdem</span> <span class='ocrx_word' id='word_1_109' title='bbox 228 1619 462 1699; x_wconf 80' lang='lat' dir='ltr'>tempestatibus,</span> <span class='ocrx_word' id='word_1_110' title='bbox 488 1619 579 1680; x_wconf 91' lang='lat' dir='ltr'>isdem</span> <span class='ocrx_word' id='word_1_111' title='bbox 600 1619 714 1681; x_wconf 91' lang='lat' dir='ltr'>casibus</span> <span class='ocrx_word' id='word_1_112' title='bbox 737 1619 875 1680; x_wconf 87' lang='lat' dir='ltr'>subdere:</span> <span class='ocrx_word' id='word_1_113' title='bbox 901 1623 988 1684; x_wconf 89' lang='lat' dir='ltr'>tutius</span> <span class='ocrx_word' id='word_1_114' title='bbox 1009 1620 1122 1682; x_wconf 89' lang='lat' dir='ltr'>videtur</span> 
     </span>
     <span class='ocr_line' id='line_1_16' title="bbox 114 1704 1120 1783; baseline -0.001 -18"><span class='ocrx_word' id='word_1_115' title='bbox 114 1707 225 1766; x_wconf 84' lang='lat' dir='ltr'>incerta</span> <span class='ocrx_word' id='word_1_116' title='bbox 250 1704 380 1765; x_wconf 81' lang='lat' dir='ltr'>fortunae</span> <span class='ocrx_word' id='word_1_117' title='bbox 405 1706 622 1783; x_wconf 89' lang='lat' dir='ltr'>possessionum</span> <span class='ocrx_word' id='word_1_118' title='bbox 645 1704 828 1764; x_wconf 87' lang='lat' dir='ltr'>varietatibus</span> <span class='ocrx_word' id='word_1_119' title='bbox 853 1707 985 1783; x_wconf 88' lang='lat' dir='ltr'>experiri.</span> <span class='ocrx_word' id='word_1_120' title='bbox 1029 1704 1120 1764; x_wconf 90' lang='lat' dir='ltr'>llabet</span> 
     </span>
     <span class='ocr_line' id='line_1_17' title="bbox 114 1786 1119 1869; baseline -0.002 -20"><span class='ocrx_word' id='word_1_121' title='bbox 114 1791 199 1850; x_wconf 89' lang='lat' dir='ltr'>etiam</span> <span class='ocrx_word' id='word_1_122' title='bbox 214 1786 329 1848; x_wconf 92' lang='lat' dir='ltr'>multum</span> <span class='ocrx_word' id='word_1_123' title='bbox 344 1787 522 1850; x_wconf 90' lang='lat' dir='ltr'>iucunditatis</span> <span class='ocrx_word' id='word_1_124' title='bbox 538 1787 593 1850; x_wconf 93' lang='lat' dir='ltr'>soli</span> <span class='ocrx_word' id='word_1_125' title='bbox 607 1787 738 1867; x_wconf 90' lang='lat' dir='ltr'>caelique</span> <span class='ocrx_word' id='word_1_126' title='bbox 750 1790 865 1848; x_wconf 85' lang='lat' dir='ltr'>mutatio</span> <span class='ocrx_word' id='word_1_127' title='bbox 876 1790 997 1869; x_wconf 89' lang='lat' dir='ltr'>ipsaque</span> <span class='ocrx_word' id='word_1_128' title='bbox 1008 1788 1057 1850; x_wconf 90' lang='lat' dir='ltr'>illa</span> <span class='ocrx_word' id='word_1_129' title='bbox 1068 1807 1119 1868; x_wconf 91' lang='lat' dir='ltr'>pc-</span> 
     </span>
     <span class='ocr_line' id='line_1_18' title="bbox 113 1871 1145 1952; baseline 0.001 -19"><span class='ocrx_word' id='word_1_130' title='bbox 113 1874 268 1952; x_wconf 77' lang='lat' dir='ltr'>regrinotio</span> <span class='ocrx_word' id='word_1_131' title='bbox 289 1875 362 1933; x_wconf 92' lang='lat' dir='ltr'>inter</span> <span class='ocrx_word' id='word_1_132' title='bbox 383 1891 443 1934; x_wconf 93' lang='lat' dir='ltr'>sua.</span> <span class='ocrx_word' id='word_1_133' title='bbox 476 1872 550 1951; x_wconf 92' lang='lat' dir='ltr'>lam,</span> <span class='ocrx_word' id='word_1_134' title='bbox 578 1872 654 1952; x_wconf 95' lang='lat' dir='ltr'>quod</span> <span class='ocrx_word' id='word_1_135' title='bbox 677 1871 889 1934; x_wconf 87' lang='lat' dir='ltr'>deliberationis</span> <span class='ocrx_word' id='word_1_136' title='bbox 903 1882 1018 1934; x_wconf 85' lang='lat' dir='ltr'>nostrae</span> <span class='ocrx_word' id='word_1_137' title='bbox 1035 1883 1145 1952; x_wconf 84' lang='lat' dir='ltr'>caput5</span> 
     </span>
     <span class='ocr_line' id='line_1_19' title="bbox 114 1955 1119 2037; baseline 0 -20"><span class='ocrx_word' id='word_1_138' title='bbox 114 1968 176 2035; x_wconf 89' lang='lat' dir='ltr'>est,</span> <span class='ocrx_word' id='word_1_139' title='bbox 207 1958 268 2034; x_wconf 81' lang='lat' dir='ltr'>agri</span> <span class='ocrx_word' id='word_1_140' title='bbox 290 1966 354 2017; x_wconf 89' lang='lat' dir='ltr'>sunt</span> <span class='ocrx_word' id='word_1_141' title='bbox 376 1955 486 2018; x_wconf 84' lang='lat' dir='ltr'>fertiles</span> <span class='ocrx_word' id='word_1_142' title='bbox 508 1959 629 2036; x_wconf 76' lang='lat' dir='ltr'>pinques</span> <span class='ocrx_word' id='word_1_143' title='bbox 651 1960 768 2036; x_wconf 82' lang='lat' dir='ltr'>aquosi,</span> <span class='ocrx_word' id='word_1_144' title='bbox 798 1966 927 2018; x_wconf 87' lang='lat' dir='ltr'>constant</span> <span class='ocrx_word' id='word_1_145' title='bbox 949 1959 1055 2037; x_wconf 88' lang='lat' dir='ltr'>campis</span> <span class='ocrx_word' id='word_1_146' title='bbox 1077 1960 1119 2017; x_wconf 88' lang='lat' dir='ltr'>vi-</span> 
     </span>
     <span class='ocr_line' id='line_1_20' title="bbox 71 2040 1120 2120; baseline -0.003 -15"><span class='ocrx_word' id='word_1_147' title='bbox 71 2043 177 2105; x_wconf 78' lang='lat' dir='ltr'>roseis</span> <span class='ocrx_word' id='word_1_148' title='bbox 194 2040 291 2119; x_wconf 89' lang='lat' dir='ltr'>silvis,</span> <span class='ocrx_word' id='word_1_149' title='bbox 314 2059 387 2120; x_wconf 91' lang='lat' dir='ltr'>quae</span> <span class='ocrx_word' id='word_1_150' title='bbox 401 2042 544 2101; x_wconf 85' lang='lat' dir='ltr'>materiam</span> <span class='ocrx_word' id='word_1_151' title='bbox 560 2050 588 2101; x_wconf 87' lang='lat' dir='ltr'>et</span> <span class='ocrx_word' id='word_1_152' title='bbox 603 2059 641 2101; x_wconf 87' lang='lat' dir='ltr'>ex</span> <span class='ocrx_word' id='word_1_153' title='bbox 655 2059 690 2101; x_wconf 89' lang='lat' dir='ltr'>ea</span> <span class='ocrx_word' id='word_1_154' title='bbox 706 2042 826 2100; x_wconf 90' lang='lat' dir='ltr'>reditum</span> <span class='ocrx_word' id='word_1_155' title='bbox 840 2043 915 2103; x_wconf 85' lang='lat' dir='ltr'>sicut</span> <span class='ocrx_word' id='word_1_156' title='bbox 928 2041 1070 2101; x_wconf 90' lang='lat' dir='ltr'>modicum</span> <span class='ocrx_word' id='word_1_157' title='bbox 1082 2045 1120 2102; x_wconf 89' lang='lat' dir='ltr'>ita</span> 
     </span>
     <span class='ocr_line' id='line_1_21' title="bbox 114 2123 1146 2204; baseline 0 -16"><span class='ocrx_word' id='word_1_158' title='bbox 114 2135 216 2188; x_wconf 88' lang='lat' dir='ltr'>statum</span> <span class='ocrx_word' id='word_1_159' title='bbox 240 2133 392 2204; x_wconf 88' lang='lat' dir='ltr'>praestant.</span> <span class='ocrx_word' id='word_1_160' title='bbox 425 2124 484 2185; x_wconf 87' lang='lat' dir='ltr'>Sed</span> <span class='ocrx_word' id='word_1_161' title='bbox 503 2125 576 2185; x_wconf 89' lang='lat' dir='ltr'>haec</span> <span class='ocrx_word' id='word_1_162' title='bbox 598 2124 721 2185; x_wconf 83' lang='lat' dir='ltr'>felicitas</span> <span class='ocrx_word' id='word_1_163' title='bbox 737 2134 830 2184; x_wconf 89' lang='lat' dir='ltr'>terrae</span> <span class='ocrx_word' id='word_1_164' title='bbox 845 2123 988 2186; x_wconf 90' lang='lat' dir='ltr'>inbecillis</span> <span class='ocrx_word' id='word_1_165' title='bbox 1005 2123 1146 2188; x_wconf 86' lang='lat' dir='ltr'>cultori-6</span> 
     </span>
     <span class='ocr_line' id='line_1_22' title="bbox 113 2207 1117 2289; baseline -0.002 -19"><span class='ocrx_word' id='word_1_166' title='bbox 113 2211 168 2272; x_wconf 93' lang='lat' dir='ltr'>bus</span> <span class='ocrx_word' id='word_1_167' title='bbox 190 2209 332 2287; x_wconf 80' lang='lat' dir='ltr'>fatigatur.</span> <span class='ocrx_word' id='word_1_168' title='bbox 360 2207 430 2280; x_wconf 84' lang='lat' dir='ltr'>Nom</span> <span class='ocrx_word' id='word_1_169' title='bbox 450 2222 607 2289; x_wconf 88' lang='lat' dir='ltr'>possessor</span> <span class='ocrx_word' id='word_1_170' title='bbox 621 2209 700 2287; x_wconf 86' lang='lat' dir='ltr'>prior</span> <span class='ocrx_word' id='word_1_171' title='bbox 715 2209 831 2286; x_wconf 90' lang='lat' dir='ltr'>saepius</span> <span class='ocrx_word' id='word_1_172' title='bbox 846 2208 972 2271; x_wconf 87' lang='lat' dir='ltr'>vendidit</span> <span class='ocrx_word' id='word_1_173' title='bbox 988 2210 1117 2288; x_wconf 79' lang='lat' dir='ltr'>pignora,</span> 
     </span>
     <span class='ocr_line' id='line_1_23' title="bbox 114 2293 1119 2372; baseline -0.001 -19"><span class='ocrx_word' id='word_1_174' title='bbox 114 2305 143 2356; x_wconf 91' lang='lat' dir='ltr'>ct</span> <span class='ocrx_word' id='word_1_175' title='bbox 158 2293 223 2354; x_wconf 91' lang='lat' dir='ltr'>dum</span> <span class='ocrx_word' id='word_1_176' title='bbox 235 2293 347 2372; x_wconf 89' lang='lat' dir='ltr'>reliqua</span> <span class='ocrx_word' id='word_1_177' title='bbox 362 2293 527 2354; x_wconf 89' lang='lat' dir='ltr'>colonorum</span> <span class='ocrx_word' id='word_1_178' title='bbox 540 2294 636 2353; x_wconf 91' lang='lat' dir='ltr'>minuit</span> <span class='ocrx_word' id='word_1_179' title='bbox 652 2293 687 2354; x_wconf 90' lang='lat' dir='ltr'>ad</span> <span class='ocrx_word' id='word_1_180' title='bbox 701 2302 825 2371; x_wconf 86' lang='lat' dir='ltr'>tempus,</span> <span class='ocrx_word' id='word_1_181' title='bbox 841 2294 917 2355; x_wconf 84' lang='lat' dir='ltr'>uires</span> <span class='ocrx_word' id='word_1_182' title='bbox 931 2295 958 2353; x_wconf 88' lang='lat' dir='ltr'>in</span> <span class='ocrx_word' id='word_1_183' title='bbox 972 2302 1119 2372; x_wconf 89' lang='lat' dir='ltr'>posterum</span> 
     </span>
     <span class='ocr_line' id='line_1_24' title="bbox 114 2373 1145 2457; baseline 0.002 -19"><span class='ocrx_word' id='word_1_184' title='bbox 114 2377 262 2453; x_wconf 87' lang='lat' dir='ltr'>exhausit,</span> <span class='ocrx_word' id='word_1_185' title='bbox 285 2395 401 2457; x_wconf 89' lang='lat' dir='ltr'>quarum</span> <span class='ocrx_word' id='word_1_186' title='bbox 422 2377 586 2438; x_wconf 90' lang='lat' dir='ltr'>defectione</span> <span class='ocrx_word' id='word_1_187' title='bbox 605 2395 703 2439; x_wconf 92' lang='lat' dir='ltr'>rursus</span> <span class='ocrx_word' id='word_1_188' title='bbox 723 2373 834 2456; x_wconf 88' lang='lat' dir='ltr'>reliqua</span> <span class='ocrx_word' id='word_1_189' title='bbox 854 2387 1015 2441; x_wconf 87' lang='lat' dir='ltr'>creverunt.</span> <span class='ocrx_word' id='word_1_190' title='bbox 1050 2377 1145 2440; x_wconf 71' lang='lat' dir='ltr'>Sunt?</span> 
     </span>
     <span class='ocr_line' id='line_1_25' title="bbox 71 2460 1119 2542; baseline 0.005 -25"><span class='ocrx_word' id='word_1_191' title='bbox 71 2467 186 2541; x_wconf 66' lang='lat' dir='ltr'>mergo</span> <span class='ocrx_word' id='word_1_192' title='bbox 208 2461 363 2522; x_wconf 89' lang='lat' dir='ltr'>instruendi</span> <span class='ocrx_word' id='word_1_193' title='bbox 379 2478 415 2521; x_wconf 92' lang='lat' dir='ltr'>co</span> <span class='ocrx_word' id='word_1_194' title='bbox 436 2461 525 2540; x_wconf 92' lang='lat' dir='ltr'>pluris</span> <span class='ocrx_word' id='word_1_195' title='bbox 541 2460 616 2541; x_wconf 93' lang='lat' dir='ltr'>quod</span> <span class='ocrx_word' id='word_1_196' title='bbox 638 2461 712 2540; x_wconf 78' lang='lat' dir='ltr'>frugi</span> <span class='ocrx_word' id='word_1_197' title='bbox 727 2463 889 2541; x_wconf 88' lang='lat' dir='ltr'>mancipiis:</span> <span class='ocrx_word' id='word_1_198' title='bbox 911 2480 974 2522; x_wconf 91' lang='lat' dir='ltr'>uam</span> <span class='ocrx_word' id='word_1_199' title='bbox 985 2481 1040 2523; x_wconf 91' lang='lat' dir='ltr'>uec</span> <span class='ocrx_word' id='word_1_200' title='bbox 1053 2465 1119 2542; x_wconf 92' lang='lat' dir='ltr'>ipse</span> 
     </span>
     <span class='ocr_line' id='line_1_26' title="bbox 112 2545 1119 2627; baseline 0 -21"><span class='ocrx_word' id='word_1_201' title='bbox 112 2563 231 2625; x_wconf 83' lang='lat' dir='ltr'>usquam</span> <span class='ocrx_word' id='word_1_202' title='bbox 240 2547 353 2608; x_wconf 84' lang='lat' dir='ltr'>vinctos</span> <span class='ocrx_word' id='word_1_203' title='bbox 363 2545 455 2607; x_wconf 89' lang='lat' dir='ltr'>habeo</span> <span class='ocrx_word' id='word_1_204' title='bbox 464 2564 519 2606; x_wconf 92' lang='lat' dir='ltr'>neo</span> <span class='ocrx_word' id='word_1_205' title='bbox 528 2547 566 2606; x_wconf 91' lang='lat' dir='ltr'>ibi</span> <span class='ocrx_word' id='word_1_206' title='bbox 576 2549 732 2626; x_wconf 89' lang='lat' dir='ltr'>quisquam.</span> <span class='ocrx_word' id='word_1_207' title='bbox 745 2545 884 2624; x_wconf 86' lang='lat' dir='ltr'>Superest</span> <span class='ocrx_word' id='word_1_208' title='bbox 895 2556 926 2607; x_wconf 88' lang='lat' dir='ltr'>ut</span> <span class='ocrx_word' id='word_1_209' title='bbox 937 2549 1012 2609; x_wconf 88' lang='lat' dir='ltr'>scias</span> <span class='ocrx_word' id='word_1_210' title='bbox 1024 2548 1119 2627; x_wconf 92' lang='lat' dir='ltr'>quanti</span> 
     </span>
     <span class='ocr_line' id='line_1_27' title="bbox 110 2629 1118 2712; baseline -0.003 -20"><span class='ocrx_word' id='word_1_211' title='bbox 110 2630 263 2692; x_wconf 87' lang='lat' dir='ltr'>videantur</span> <span class='ocrx_word' id='word_1_212' title='bbox 277 2647 366 2712; x_wconf 89' lang='lat' dir='ltr'>posse</span> <span class='ocrx_word' id='word_1_213' title='bbox 383 2631 452 2701; x_wconf 88' lang='lat' dir='ltr'>emi;</span> <span class='ocrx_word' id='word_1_214' title='bbox 467 2633 600 2692; x_wconf 88' lang='lat' dir='ltr'>sestertio</span> <span class='ocrx_word' id='word_1_215' title='bbox 614 2632 730 2707; x_wconf 89' lang='lat' dir='ltr'>tricies,</span> <span class='ocrx_word' id='word_1_216' title='bbox 746 2646 802 2690; x_wconf 89' lang='lat' dir='ltr'>non</span> <span class='ocrx_word' id='word_1_217' title='bbox 818 2632 883 2710; x_wconf 89' lang='lat' dir='ltr'>quia</span> <span class='ocrx_word' id='word_1_218' title='bbox 897 2647 954 2690; x_wconf 93' lang='lat' dir='ltr'>non</span> <span class='ocrx_word' id='word_1_219' title='bbox 968 2629 1118 2709; x_wconf 88' lang='lat' dir='ltr'>aliquando</span> 
     </span>
     <span class='ocr_line' id='line_1_28' title="bbox 112 2713 1118 2795; baseline -0.002 -20"><span class='ocrx_word' id='word_1_220' title='bbox 112 2716 301 2795; x_wconf 83' lang='lat' dir='ltr'>quinquagies</span> <span class='ocrx_word' id='word_1_221' title='bbox 316 2714 430 2790; x_wconf 89' lang='lat' dir='ltr'>fuerint,</span> <span class='ocrx_word' id='word_1_222' title='bbox 446 2732 545 2774; x_wconf 84' lang='lat' dir='ltr'>vemrn</span> <span class='ocrx_word' id='word_1_223' title='bbox 560 2724 588 2774; x_wconf 91' lang='lat' dir='ltr'>et</span> <span class='ocrx_word' id='word_1_224' title='bbox 603 2715 657 2774; x_wconf 92' lang='lat' dir='ltr'>hac</span> <span class='ocrx_word' id='word_1_225' title='bbox 673 2717 806 2793; x_wconf 92' lang='lat' dir='ltr'>paenuria</span> <span class='ocrx_word' id='word_1_226' title='bbox 823 2713 989 2774; x_wconf 89' lang='lat' dir='ltr'>colonorum</span> <span class='ocrx_word' id='word_1_227' title='bbox 1001 2725 1029 2774; x_wconf 88' lang='lat' dir='ltr'>et</span> <span class='ocrx_word' id='word_1_228' title='bbox 1042 2731 1118 2773; x_wconf 93' lang='lat' dir='ltr'>com-</span> 
     </span>
     <span class='ocr_line' id='line_1_29' title="bbox 112 2797 1118 2878; baseline -0.004 -18"><span class='ocrx_word' id='word_1_229' title='bbox 112 2801 189 2860; x_wconf 91' lang='lat' dir='ltr'>muni</span> <span class='ocrx_word' id='word_1_230' title='bbox 207 2800 344 2878; x_wconf 91' lang='lat' dir='ltr'>temporis</span> <span class='ocrx_word' id='word_1_231' title='bbox 366 2800 511 2876; x_wconf 86' lang='lat' dir='ltr'>iniquitate</span> <span class='ocrx_word' id='word_1_232' title='bbox 526 2809 557 2860; x_wconf 90' lang='lat' dir='ltr'>ut</span> <span class='ocrx_word' id='word_1_233' title='bbox 571 2797 679 2876; x_wconf 89' lang='lat' dir='ltr'>reditus</span> <span class='ocrx_word' id='word_1_234' title='bbox 698 2815 829 2876; x_wconf 80' lang='lat' dir='ltr'>agrorum</span> <span class='ocrx_word' id='word_1_235' title='bbox 844 2799 885 2858; x_wconf 91' lang='lat' dir='ltr'>sio</span> <span class='ocrx_word' id='word_1_236' title='bbox 898 2800 982 2859; x_wconf 90' lang='lat' dir='ltr'>etiam</span> <span class='ocrx_word' id='word_1_237' title='bbox 996 2800 1118 2878; x_wconf 92' lang='lat' dir='ltr'>pretium</span> 
     </span>
     <span class='ocr_line' id='line_1_30' title="bbox 71 2881 1144 2962; baseline 0.003 -21"><span class='ocrx_word' id='word_1_238' title='bbox 71 2887 192 2945; x_wconf 75' lang='lat' dir='ltr'>boretro</span> <span class='ocrx_word' id='word_1_239' title='bbox 208 2884 284 2945; x_wconf 89' lang='lat' dir='ltr'>abiit.</span> <span class='ocrx_word' id='word_1_240' title='bbox 318 2882 438 2956; x_wconf 80' lang='lat' dir='ltr'>Quaeris</span> <span class='ocrx_word' id='word_1_241' title='bbox 454 2903 489 2942; x_wconf 87' lang='lat' dir='ltr'>an</span> <span class='ocrx_word' id='word_1_242' title='bbox 504 2884 561 2944; x_wconf 90' lang='lat' dir='ltr'>hoc</span> <span class='ocrx_word' id='word_1_243' title='bbox 575 2885 668 2962; x_wconf 92' lang='lat' dir='ltr'>ipsum</span> <span class='ocrx_word' id='word_1_244' title='bbox 681 2884 779 2944; x_wconf 90' lang='lat' dir='ltr'>tricies</span> <span class='ocrx_word' id='word_1_245' title='bbox 796 2881 880 2943; x_wconf 87' lang='lat' dir='ltr'>facilc</span> <span class='ocrx_word' id='word_1_246' title='bbox 897 2881 1035 2960; x_wconf 83' lang='lat' dir='ltr'>colligere</span> <span class='ocrx_word' id='word_1_247' title='bbox 1051 2889 1144 2962; x_wconf 85' lang='lat' dir='ltr'>pos-8</span> 
     </span>
     <span class='ocr_line' id='line_1_31' title="bbox 112 2964 1117 3052; baseline -0.003 -22"><span class='ocrx_word' id='word_1_248' title='bbox 112 2964 222 3031; x_wconf 83' lang='lat' dir='ltr'>simus?</span> <span class='ocrx_word' id='word_1_249' title='bbox 244 2985 306 3028; x_wconf 91' lang='lat' dir='ltr'>sum</span> <span class='ocrx_word' id='word_1_250' title='bbox 321 2966 434 3052; x_wconf 86' lang='lat' dir='ltr'>quidem</span> <span class='ocrx_word' id='word_1_251' title='bbox 449 2985 541 3047; x_wconf 92' lang='lat' dir='ltr'>prope</span> <span class='ocrx_word' id='word_1_252' title='bbox 556 2975 632 3028; x_wconf 92' lang='lat' dir='ltr'>totus</span> <span class='ocrx_word' id='word_1_253' title='bbox 647 2971 676 3027; x_wconf 92' lang='lat' dir='ltr'>in</span> <span class='ocrx_word' id='word_1_254' title='bbox 691 2967 832 3046; x_wconf 87' lang='lat' dir='ltr'>praediis,</span> <span class='ocrx_word' id='word_1_255' title='bbox 848 2965 953 3045; x_wconf 87' lang='lat' dir='ltr'>aliquid</span> <span class='ocrx_word' id='word_1_256' title='bbox 966 2976 1059 3028; x_wconf 86' lang='lat' dir='ltr'>tannen</span> <span class='ocrx_word' id='word_1_257' title='bbox 1075 2967 1117 3027; x_wconf 92' lang='lat' dir='ltr'>fe-</span> 
     </span>
     <span class='ocr_line' id='line_1_32' title="bbox 112 3051 1118 3136; baseline -0.001 -24"><span class='ocrx_word' id='word_1_258' title='bbox 112 3070 196 3131; x_wconf 90' lang='lat' dir='ltr'>nero,</span> <span class='ocrx_word' id='word_1_259' title='bbox 212 3069 269 3112; x_wconf 87' lang='lat' dir='ltr'>nec</span> <span class='ocrx_word' id='word_1_260' title='bbox 282 3051 435 3136; x_wconf 49' lang='lat' dir='ltr'>molestum</span> <span class='ocrx_word' id='word_1_261' title='bbox 451 3054 505 3112; x_wconf 88' lang='lat' dir='ltr'>erit</span> <span class='ocrx_word' id='word_1_262' title='bbox 518 3054 651 3122; x_wconf 80' lang='lat' dir='ltr'>mutuari3</span> <span class='ocrx_word' id='word_1_263' title='bbox 668 3053 804 3130; x_wconf 90' lang='lat' dir='ltr'>accipiam</span> <span class='ocrx_word' id='word_1_264' title='bbox 818 3068 834 3110; x_wconf 88' lang='lat' dir='ltr'>a</span> <span class='ocrx_word' id='word_1_265' title='bbox 846 3067 944 3128; x_wconf 87' lang='lat' dir='ltr'>socru,</span> <span class='ocrx_word' id='word_1_266' title='bbox 961 3053 1041 3112; x_wconf 90' lang='lat' dir='ltr'>cuius</span> <span class='ocrx_word' id='word_1_267' title='bbox 1053 3068 1118 3111; x_wconf 85' lang='lat' dir='ltr'>arca</span> 
     </span>
     <span class='ocr_line' id='line_1_33' title="bbox 111 3135 1145 3213; baseline 0.002 -17"><span class='ocrx_word' id='word_1_268' title='bbox 111 3154 169 3197; x_wconf 92' lang='lat' dir='ltr'>non</span> <span class='ocrx_word' id='word_1_269' title='bbox 186 3153 272 3198; x_wconf 89' lang='lat' dir='ltr'>secus</span> <span class='ocrx_word' id='word_1_270' title='bbox 288 3154 322 3196; x_wconf 90' lang='lat' dir='ltr'>ac</span> <span class='ocrx_word' id='word_1_271' title='bbox 337 3154 400 3196; x_wconf 89' lang='lat' dir='ltr'>mea</span> <span class='ocrx_word' id='word_1_272' title='bbox 414 3146 487 3196; x_wconf 88' lang='lat' dir='ltr'>utor.</span> <span class='ocrx_word' id='word_1_273' title='bbox 513 3135 635 3198; x_wconf 91' lang='lat' dir='ltr'>Proinde</span> <span class='ocrx_word' id='word_1_274' title='bbox 650 3136 706 3196; x_wconf 93' lang='lat' dir='ltr'>hoc</span> <span class='ocrx_word' id='word_1_275' title='bbox 721 3146 751 3197; x_wconf 89' lang='lat' dir='ltr'>te</span> <span class='ocrx_word' id='word_1_276' title='bbox 767 3150 824 3195; x_wconf 94' lang='lat' dir='ltr'>non</span> <span class='ocrx_word' id='word_1_277' title='bbox 838 3145 961 3213; x_wconf 88' lang='lat' dir='ltr'>moveat,</span> <span class='ocrx_word' id='word_1_278' title='bbox 980 3137 1005 3196; x_wconf 91' lang='lat' dir='ltr'>si</span> <span class='ocrx_word' id='word_1_279' title='bbox 1020 3143 1145 3198; x_wconf 86' lang='lat' dir='ltr'>cetera9</span> 
     </span>
     <span class='ocr_line' id='line_1_34' title="bbox 112 3218 1117 3300; baseline -0.004 -18"><span class='ocrx_word' id='word_1_280' title='bbox 112 3239 170 3282; x_wconf 92' lang='lat' dir='ltr'>non</span> <span class='ocrx_word' id='word_1_281' title='bbox 190 3220 387 3299; x_wconf 79' lang='lat' dir='ltr'>refragantur,</span> <span class='ocrx_word' id='word_1_282' title='bbox 415 3239 487 3300; x_wconf 90' lang='lat' dir='ltr'>quae</span> <span class='ocrx_word' id='word_1_283' title='bbox 512 3220 598 3282; x_wconf 87' lang='lat' dir='ltr'>velim</span> <span class='ocrx_word' id='word_1_284' title='bbox 621 3237 703 3300; x_wconf 90' lang='lat' dir='ltr'>quam</span> <span class='ocrx_word' id='word_1_285' title='bbox 728 3218 942 3298; x_wconf 80' lang='lat' dir='ltr'>diligentissime</span> <span class='ocrx_word' id='word_1_286' title='bbox 963 3218 1117 3280; x_wconf 84' lang='lat' dir='ltr'>examines.</span> 
     </span>
     <span class='ocr_line' id='line_1_35' title="bbox 72 3302 1118 3382; baseline -0.005 -14"><span class='ocrx_word' id='word_1_287' title='bbox 72 3313 103 3368; x_wconf 78' lang='lat'>35</span> <span class='ocrx_word' id='word_1_288' title='bbox 113 3303 186 3366; x_wconf 90' lang='lat' dir='ltr'>Nam</span> <span class='ocrx_word' id='word_1_289' title='bbox 210 3307 320 3366; x_wconf 93' lang='lat' dir='ltr'>cumin</span> <span class='ocrx_word' id='word_1_290' title='bbox 341 3305 471 3366; x_wconf 90' lang='lat' dir='ltr'>omnibus</span> <span class='ocrx_word' id='word_1_291' title='bbox 495 3304 659 3366; x_wconf 81' lang='lat' dir='ltr'>robustum</span> <span class='ocrx_word' id='word_1_292' title='bbox 679 3307 707 3365; x_wconf 94' lang='lat' dir='ltr'>in</span> <span class='ocrx_word' id='word_1_293' title='bbox 731 3303 914 3382; x_wconf 89' lang='lat' dir='ltr'>disponendis</span> <span class='ocrx_word' id='word_1_294' title='bbox 936 3302 1118 3365; x_wconf 87' lang='lat' dir='ltr'>facultatibus</span> 
     </span>
     <span class='ocr_line' id='line_1_36' title="bbox 111 3386 979 3472; baseline 0 -23"><span class='ocrx_word' id='word_1_295' title='bbox 111 3390 261 3472; x_wconf 89' lang='lat' dir='ltr'>plurimum</span> <span class='ocrx_word' id='word_1_296' title='bbox 278 3389 328 3450; x_wconf 89' lang='lat' dir='ltr'>tibi</span> <span class='ocrx_word' id='word_1_297' title='bbox 344 3399 373 3450; x_wconf 88' lang='lat' dir='ltr'>et</span> <span class='ocrx_word' id='word_1_298' title='bbox 387 3409 455 3452; x_wconf 93' lang='lat' dir='ltr'>usus</span> <span class='ocrx_word' id='word_1_299' title='bbox 471 3400 500 3451; x_wconf 87' lang='lat' dir='ltr'>et</span> <span class='ocrx_word' id='word_1_300' title='bbox 515 3388 710 3470; x_wconf 85' lang='lat' dir='ltr'>providentiae</span> <span class='ocrx_word' id='word_1_301' title='bbox 725 3397 866 3467; x_wconf 87' lang='lat' dir='ltr'>superest.</span> <span class='ocrx_word' id='word_1_302' title='bbox 897 3386 979 3449; x_wconf 86' lang='lat' dir='ltr'>Vale.</span> 
     </span>
    </p>
   </div>
   <div class='ocr_carea' id='block_1_4' title="bbox 0 0 1296 3972">
    <p class='ocr_par' dir='ltr' id='par_1_4' title="bbox 0 0 1296 3972">
     <span class='ocr_line' id='line_1_37' title="bbox 0 0 1296 3972; baseline 0 0"><span class='ocrx_word' id='word_1_303' title='bbox 0 0 1296 3972; x_wconf 95' lang='lat' dir='ltr'> </span> 
     </span>
    </p>
   </div>
  </div>
 </body>
</html>
