2604 3972
187 285 248 348 196
614 280 648 343 G.
670 280 768 342 PLINI

185 439 275 515 ribus,
291 445 332 514 ut,
348 435 476 516 quamvis
490 433 559 494 nihil
575 437 720 513 ceperim,
735 453 792 495 non
809 433 878 496 nihil
893 433 1024 494 reieram.
1057 432 1147 495 Datur
1165 443 1197 495 ct

187 521 308 599 colonis,
323 529 354 580 ut
364 519 476 580 videtur
489 520 571 598 ipsis,
586 536 643 578 non
658 521 726 581 satis
737 520 885 600 temporis,
899 532 1019 596 quorum
1030 517 1097 578 milui
1111 535 1195 596 agre·

148 673 154 684 x
187 615 247 666 stes
263 603 409 685 querellae
425 602 535 664 litteras
555 612 668 663 nostras
681 612 714 663 ct
734 603 807 666 haec
826 604 932 663 urbana
946 617 1036 682 opera
1051 619 1194 662 commen-

186 685 262 750 dant,
294 687 376 748 Vale.

617 768 760 830 XXXVII.
1203 766 1223 817 ⁵

466 867 788 920 c.ra1urusraunmo
806 866 867 920 suo
886 865 914 920 s,

162 979 177 1032 1
249 971 312 1034 Nec
327 981 393 1033 tuae
408 979 523 1032 naturae
538 980 584 1033 est
596 969 768 1032 translaticia
781 969 855 1031 haec
870 979 899 1030 et
913 972 992 1050 quasi
1008 970 1122 1049 publica
1132 969 1194 1030 oili·

189 1057 232 1118 cia
248 1074 264 1117 a
283 1056 466 1117 familiaribus
485 1057 582 1116 amicis
600 1064 698 1115 contra
717 1056 844 1133 ipsorum
865 1055 1043 1115 commodum
1064 1055 1193 1132 exigere,

188 1149 218 1202 et
231 1157 288 1218 ego
303 1150 333 1201 te
357 1141 531 1202 constantius
552 1156 615 1199 amo
639 1157 721 1217 mam
741 1147 772 1198 nt
791 1155 893 1199 verear
912 1157 949 1199 ne
964 1137 1048 1199 aliter
1058 1156 1093 1198 ac
1108 1137 1195 1198 velim

187 1226 331 1303 accipias,
351 1226 405 1286 nisi
427 1233 456 1285 te
470 1222 605 1285 Kalendis
624 1224 717 1283 statim
733 1221 882 1283 consulem
895 1222 1009 1292 videro;
1026 1223 1242 1300 praesertimltt

188 1326 253 1369 cnm
266 1327 312 1370 me
328 1310 489 1370 necessitas
503 1307 686 1368 locandorum
700 1306 880 1384 praediorum
899 1306 998 1386 plures
1015 1324 1103 1369 annos
1121 1305 1195 1366 ordi·

161 1400 285 1455 anatura
300 1393 442 1469 detincat,
464 1394 493 1451 in
508 1409 563 1471 qua
583 1391 649 1451 milri
663 1405 737 1451 nova
751 1390 870 1452 consilia
881 1390 1015 1452 sumenda
1027 1399 1101 1451 sunt.
1124 1388 1195 1450 liam

188 1477 285 1553 priore
307 1475 415 1553 lustro,
446 1493 612 1555 quamquam
632 1484 700 1554 post
718 1491 834 1553 magnas
855 1477 1057 1552 remissiones,
1084 1473 1195 1554 reliqua

188 1567 357 1620 creverunt:
372 1559 437 1619 inde
454 1558 601 1639 plerisque
615 1557 692 1618 nulla
705 1561 760 1619 iam
773 1577 840 1619 cura
855 1559 996 1620 minuendi
1012 1560 1087 1620 aeris
1098 1557 1194 1636 alieni,

188 1642 265 1722 quod
286 1642 440 1721 desperant
459 1661 549 1721 posse
570 1642 713 1722 persolvi;
734 1645 848 1722 rapiunt
867 1645 951 1705 etiam
967 1651 1193 1722 consumuntque
1205 1651 1240 1706 15

161 1725 266 1805 dquod
281 1735 376 1786 natum
391 1733 446 1803 est,
464 1735 495 1787 ut
511 1727 559 1805 qui
575 1728 628 1786 iam
640 1734 740 1806 putent
751 1747 784 1788 se
797 1745 854 1788 non
868 1728 923 1788 sihi
934 1744 1065 1806 parcere.
1087 1725 1196 1788 Occur-

188 1810 307 1875 rendum
322 1827 393 1889 ergo
415 1811 638 1888 augescentibus
654 1812 730 1872 vitiis
748 1821 778 1872 et
792 1811 961 1872 medendum
976 1821 1031 1873 est.
1062 1809 1196 1872 lledendi

187 1911 242 1954 una
257 1894 341 1971 ratio,
358 1896 452 1955 sinon
466 1912 578 1955 nummo
595 1893 648 1956 sed
663 1896 790 1973 partibus
807 1894 902 1956 locem
913 1912 947 1957 ac
962 1894 1065 1956 deinde
1077 1913 1114 1956 ex
1124 1897 1195 1956 meis
1291 1919 1292 1926 ¹

187 1977 300 2057 aliquos
317 1980 413 2059 operis
433 1988 584 2040 exactores
603 1977 738 2040 custodes
753 1978 893 2041 fructibus
910 1997 1028 2059 ponam;
1046 1987 1076 2039 ct
1089 1979 1196 2058 alioqui

183 2061 295 2123 nullum
314 2064 415 2124 iustius
436 2081 527 2141 genus
544 2063 654 2124 reditus
677 2081 759 2142 quam
780 2062 856 2143 quod
876 2073 953 2124 terra
973 2063 1085 2124 caelum
1106 2063 1242 2125 arnusto

158 2146 289 2208 treiert.
321 2145 366 2208 nd
381 2147 437 2207 hoc
451 2164 578 2226 magnam
594 2146 693 2225 iidem,
717 2165 799 2208 acres
816 2147 937 2224 oculos,
957 2165 1124 2209 numerosus
1138 2165 1195 2207 ma·

187 2249 241 2291 nus
253 2233 364 2311 poscit:
381 2230 586 2310 experiundum
601 2241 693 2292 tamen
705 2239 736 2291 et
749 2233 831 2311 quasi
846 2233 874 2292 in
888 2233 980 2292 veteri
993 2232 1094 2293 morto
1108 2249 1195 2310 quac-

161 2314 259 2375 olibet
282 2315 444 2375 mutationis
467 2315 575 2375 auxilia·
591 2313 754 2393 temptanda
768 2324 842 2376 sunt.
873 2313 962 2377 Vides
978 2333 1060 2395 quam
1074 2334 1131 2377 non
1145 2316 1195 2376 de·

186 2396 272 2456 licata
294 2415 340 2456 me
358 2414 444 2459 causa
461 2399 542 2459 obire
563 2400 682 2476 primum
702 2398 867 2461 consulatus
887 2401 928 2460 tui
942 2399 1016 2460 diem
1035 2417 1092 2460 non
1106 2402 1195 2466 sinat;

186 2497 272 2623 qufm
286 2488 380 2541 tamen
396 2479 443 2540 hic
468 2495 583 2558 quoque
594 2491 625 2541 ut
636 2498 774 2559 praesens
787 2485 862 2543 votis
882 2479 985 2557 gaudio
1002 2478 1194 2558 gratulatione
1205 2491 1241 2543 25

185 2580 220 2623 ce
233 2564 350 2625 ebrado.
394 2563 473 2625 Vale.

610 2659 767 2723 xxxviii.

443 2757 471 2812 c.
489 2757 615 2810 numius
634 2759 815 2812 sauuaunuo
835 2759 895 2812 suo
913 2758 940 2814 e.

246 2859 311 2938 ligo
328 2879 399 2922 uero
415 2860 520 2922 liuium
536 2873 665 2924 nostrum
678 2863 780 2943 laudo,
801 2883 859 2925 non
879 2867 945 2945 quia
965 2873 995 2925 tu
1012 2873 1043 2924 ut
1063 2866 1102 2925 ita
1116 2863 1183 2926 lace

186 2961 246 3003 rem
262 2945 377 3022 petisti,
402 2945 455 3006 sed
476 2947 540 3024 quia
561 2955 606 3008 est
621 2947 671 3009 ille
689 2947 880 3026 dignissimus.
912 2948 983 3027 Legi
1000 2950 1076 3010 enim
1092 2948 1242 3012 libramen

186 3028 316 3088 omnibus
328 3030 454 3090 numeris
469 3028 640 3109 absolutum,
659 3033 704 3093 cui
720 3033 837 3094 multum
850 3033 925 3112 apud
939 3051 985 3094 me
996 3033 1106 3112 gratiae
1117 3050 1197 3094 amor

186 3112 278 3191 ipsius
299 3110 412 3172 adiecit.
444 3111 569 3174 Iudicavi
590 3124 692 3176 tamen.
725 3115 828 3197 Neque
843 3119 919 3180 enim
935 3117 991 3178 soli
1005 3117 1129 3178 iudicant
1145 3118 1196 3196 qui

186 3194 310 3273 maligne
326 3195 437 3274 legunt.
467 3195 548 3258 Vale.

603 3332 776 3397 XXXVllll.

474 3432 500 3482 G.
521 3433 648 3487 PLINIUS
665 3432 785 3487 MUSTIO
800 3433 861 3487 SUO
878 3434 905 3486 S.

167 3534 182 3584 t
245 3525 434 3613 Haruspicum
460 3534 567 3594 monitu
584 3534 740 3596 reficienda
761 3545 807 3596 est
828 3535 896 3597 mihi
915 3535 1003 3598 aedes
1026 3532 1144 3598 Cereris
1167 3535 1197 3595 in
1289 3573 1290 3580 κ
