2584 3972
174 249 215 315 82
599 239 633 302 G.
652 239 749 303 Pbllll

173 397 350 540 ss‘lamlddilhi’
372 395 421 456 illa
450 392 527 473 quod
546 411 591 453 mo
611 392 666 453 sibi
682 391 811 470 dederis,
834 392 914 472 quasi
934 392 1057 452 invicem
1076 391 1178 470 elege-

172 502 223 543 rrs.
310 499 336 541 e.

397 708 425 760 (l.
444 704 568 759 PLINIUS
585 608 829 756 NOlddOXlllAXlldO
849 703 908 757 SUO
926 705 954 756 S.
1184 736 1202 787 5

148 822 162 876 l
237 809 313 884 Quid
327 810 465 871 senserim
483 807 519 868 dc
533 806 653 886 singulis
672 809 727 868 tuis
742 805 821 868 libris
835 816 933 868 notum
947 807 1017 884 tibi,
1033 815 1065 866 ut
1078 823 1176 887 quem·

174 912 230 975 que
249 893 439 972 perlegeram,
463 892 536 952 leci:
560 892 663 969 accipe
676 909 752 951 nuno
767 890 886 970 quidde
901 891 1042 951 universis
1055 908 1176 968 gencra-

147 978 239 1041 ‘tliter
251 977 384 1044 iudicem.
407 974 462 1037 Est
477 993 550 1055 opus
565 972 723 1053 pulobrnm,
738 973 871 1053 validum,
886 992 963 1052 acre,
979 973 1112 1051 sublime,
1126 979 1177 1034 vass

173 1063 263 1139 rium,
282 1059 418 1138 elegans,
441 1077 560 1139 purum,
587 1057 752 1137 figuratum,
774 1058 931 1137 spatiosum
953 1060 1037 1118 etiam
1057 1066 1087 1117 et
1112 1075 1177 1117 cum

172 1162 274 1222 magna
290 1153 338 1204 tua
354 1142 437 1205 laude
454 1140 602 1220 burrum,
623 1143 653 1202 in
667 1159 724 1221 quc
739 1151 769 1202 tu
786 1143 893 1221 ingenii
914 1141 997 1204 simul
1013 1139 1223 1220 dolorisquelo

173 1227 247 1289 velis
262 1227 397 1289 latissime
415 1237 517 1288 vectus
531 1246 573 1288 cs.
594 1224 861 1304 Horumutrumque
879 1226 999 1286 invicem
1016 1224 1178 1285 adiumento
1280 1280 1281 1316 ,

149 1312 239 1375 bfuit.
258 1310 330 1372 Nam
345 1311 437 1372 dolori
454 1309 654 1372 sublimitatem
669 1318 699 1370 et
712 1310 948 1388 magnificentiam
963 1310 1116 1386 ingenium,
1134 1309 1179 1368 in·
1280 1385 1281 1388 Ἴ

173 1397 261 1475 genio
276 1398 333 1455 vim
348 1405 377 1456 ct
394 1394 604 1456 amaritudinem
618 1392 701 1454 dolor
715 1393 830 1454 addidit.
860 1392 942 1454 Vale.

402 1625 421 1676 Ο
448 1625 572 1678 PLINIUS
588 1526 832 1678 vndddlduttmu
851 1622 946 1676 SUOS
1041 1567 1089 1646 ᾧ
1187 1577 1223 1631 ¹⁵
1281 1630 1282 1672 l

151 1708 167 1760 ¹
235 1726 357 1788 Tristem
371 1736 402 1787 et
415 1728 549 1789 acerbum
564 1745 661 1789 casum
675 1724 869 1787 Heluidiarum
885 1727 1028 1790 sororum!
1049 1727 1178 1807 Utraque

150 1790 190 1873 πιι
213 1821 310 1891 partu,
333 1821 455 1890 utraque
475 1810 559 1872 liliam
580 1813 661 1872 enixa
682 1810 821 1872 decessit.
849 1809 978 1872 Adlicior
999 1810 1099 1873 dolore
1119 1830 1178 1874 nec

172 1905 267 1957 tamen
284 1914 370 1975 supra
384 1894 497 1955 modum
511 1894 612 1956 doleo:
634 1897 673 1956 ita
695 1894 763 1954 mibi
784 1893 945 1955 luctuosum
965 1896 1077 1956 videtur
1100 1895 1178 1975 quod

174 1978 285 2060 puellas
301 1979 516 2042 honestissimas
538 1981 567 2040 in
586 1979 658 2040 llorc
680 1980 771 2058 primo
786 1978 945 2041 fecunditas
961 1980 1086 2041 abstulit.
1118 1979 1223 2047 obn-ao
1282 1978 1283 2052 l

173 2081 228 2143 gor
241 2063 387 2125 infantium
399 2074 498 2143 sorte,
520 2081 594 2142 quae
613 2071 679 2126 sunt
698 2064 862 2141 parentibus
881 2066 976 2125 statim
995 2074 1025 2125 et
1047 2063 1112 2124 dum
1126 2081 1177 2124 na·

174 2157 291 2210 suuntur
302 2148 429 2226 orbatae,
444 2165 534 2226 angor
545 2149 716 2227 optimomm
726 2147 898 2225 maritorum,
912 2166 1003 2227 angor
1014 2149 1100 2210 etlam
1110 2165 1177 2209 meo

146 2234 296 2297 tuemine.
327 2232 399 2293 Nam
415 2241 524 2312 patrem
544 2232 653 2293 illarum
674 2230 838 2292 defunctum
858 2249 973 2311 quoque
987 2250 1177 2311 perseveran-

174 2318 284 2378 tissime
300 2315 400 2394 diligo,
416 2324 448 2375 ut
462 2317 575 2378 actione
587 2333 652 2377 mea
666 2314 804 2393 librisque
819 2324 951 2377 testatum
965 2326 1026 2387 est;
1042 2317 1089 2377 cui
1099 2333 1176 2376 nunc

175 2416 247 2460 unus
262 2416 299 2458 ex
312 2399 403 2459 tribus
419 2398 518 2460 liberis
538 2407 672 2479 superest
692 2397 862 2478 domumque
880 2399 1008 2479 pluribus
1021 2399 1223 2466 admisisse-25

150 2480 211 2546 alis
229 2481 314 2560 paulo
327 2490 392 2542 ante
407 2480 547 2543 fundatam
563 2482 708 2544 desolatus
722 2481 803 2543 lulcit
816 2500 850 2543 ac
863 2487 992 2548 sustinet.
1015 2483 1120 2562 ldagnc
1133 2495 1176 2545 ta·

172 2583 238 2627 men
250 2563 376 2626 lomento
394 2563 478 2626 dolor
491 2585 572 2628 meus
585 2566 762 2645 adquiescet,
778 2567 804 2628 si
819 2566 894 2628 bunc
911 2568 1011 2630 saltem
1025 2567 1131 2630 iortem
1145 2578 1177 2628 ct

173 2649 344 2712 incolumem
365 2667 519 2730 paremque
543 2649 585 2712 illi
610 2652 699 2731 patri,
722 2649 764 2711 illi
789 2668 843 2711 avo
869 2652 981 2714 lortuna
1006 2659 1175 2714 servaverit.

176 2730 263 2796 Cuius
285 2751 343 2813 ego
363 2751 417 2814 pro
438 2735 549 2814 salute,
577 2745 630 2815 pro
656 2733 782 2797 moribus
802 2734 860 2798 boc
883 2754 945 2800 sum
965 2739 1055 2815 magis
1074 2739 1175 2799 anxius

143 2818 250 2896 equod
265 2819 367 2879 unicus
385 2818 476 2880 lactus
498 2828 553 2880 est.
583 2818 668 2880 Nosti
688 2820 718 2879 in
733 2836 830 2880 amore
851 2819 996 2882 mollitiam
1008 2823 1091 2882 animi
1105 2822 1222 2900 mei,3o

173 2902 248 2962 nosti
263 2911 370 2970 metum
385 2919 443 2981 quo
460 2905 551 2964 minus
568 2912 598 2964 te
614 2904 707 2964 mirari
723 2903 868 2981 oportebit
882 2906 958 2985 qnod
975 2904 1125 2984 plurimum
1138 2907 1176 2967 ti·

172 3001 264 3045 meam
280 2984 316 3045 dc
330 3002 386 3064 qno
401 2985 549 3064 plmimum
564 3003 661 3065 spero.
692 2985 775 3048 Vale.

379 3217 405 3269 G.
422 3217 545 3272 PLINIUS
564 3119 745 3272 SEbld'dddllle
761 3219 845 3272 RUFO
864 3218 924 3272 SUO
942 3219 967 3270 S.
1104 3123 1219 3304 X&

147 3327 162 3382 l
232 3317 351 3379 interlui
370 3321 506 3401 principis
526 3322 625 3401 optimi
647 3323 818 3400 cognitioni,
840 3324 870 3382 in
891 3321 1041 3384 consilium
1062 3321 1176 3384 adsum·

172 3410 249 3480 ptus.
273 3399 425 3476 Gymnicus
436 3423 511 3485 agon
521 3405 597 3485 apud
607 3405 786 3467 Viennenses
799 3424 836 3466 ex
847 3406 992 3467 cniusdam
1002 3416 1177 3468 testamento

173 3482 379 3548 celebrabatur.
406 3487 487 3552 llune
501 3488 660 3551 Trebonius
673 3487 807 3568 Rufinus,
821 3491 865 3549 vir
882 3492 1017 3568 egregins
1031 3491 1177 3569 nobisque
