2584 3972
353 281 616 345 urrsuunnnuu
628 283 692 345 vu.
715 295 740 346 1.
754 296 781 346 ι.
796 294 822 346 s.
839 294 865 347 4.
1058 243 1119 350 ras

111 433 232 494 smmum
244 433 411 515 vultumque
427 441 575 514 conposui.
600 435 680 511 Quae
693 437 744 498 tibi
756 438 874 517 scripsi,
885 439 1022 517 primum,
1039 447 1070 499 ut
1084 447 1140 503 tei

110 533 169 578 noa
190 518 251 580 siue
272 518 409 600 ereruplo
423 537 587 599 manerem,
613 521 726 598 deiude,
749 531 780 582 ut
797 522 826 581 in
842 530 989 601 posterum
1002 525 1066 602 ipse
1081 524 1117 585 ad

111 601 232 662 easdem
247 606 461 683 temperantiam
475 604 680 685 adstringeret,
696 623 760 666 cunr
775 624 820 667 me
834 606 888 667 hac
903 607 1026 686 epistula
1035 611 1117 686 quasi

110 688 234 765 pignore
247 687 432 767 obligassem.
461 688 542 749 Vale.

590 807 629 870 11.

415 909 442 960 o.
461 909 584 962 surmus
599 910 690 964 rusuo
707 911 768 964 suo
786 912 813 962 s,

170 1010 417 1085 Quemadmodum
439 1014 571 1092 congruit
589 1022 621 1075 ut
642 1014 726 1076 simul
747 1023 777 1077 et
798 1015 929 1076 adfirmes
947 1024 977 1076 to
992 1013 1142 1080 adsiduisl

112 1097 350 1176 occupationibus
365 1097 496 1176 impediri
506 1107 537 1160 et
551 1099 660 1176 scripta
677 1107 774 1161 nostra
790 1099 956 1176 desideres,
975 1115 1048 1178 quae
1068 1101 1118 1160 uirr

70 1178 149 1250 roab
168 1183 269 1244 otiosis
283 1183 435 1260 impetrare
450 1181 557 1262 aliquid
573 1185 692 1262 perituri
708 1185 844 1262 temporis
854 1180 1003 1261 possunt?
1025 1183 1142 1244 Patiarn

113 1283 185 1342 ergo
210 1273 347 1326 aestatem
364 1267 518 1346 inquietam
536 1266 622 1328 uobis
644 1268 856 1345 exercitamque
871 1276 1071 1328 transcurrere
1087 1277 1117 1328 et

112 1348 208 1412 hieme
229 1348 357 1428 demum,
378 1367 443 1412 cunr
458 1349 603 1410 credibile
625 1352 680 1412 erit
699 1351 832 1412 noctibus
850 1350 955 1410 *sdtem
969 1367 1073 1412 vacam
1088 1361 1118 1411 te

112 1449 214 1512 posse,
226 1449 362 1511 quaeram
372 1433 443 1514 quid
458 1435 638 1514 potissimum
653 1453 690 1496 eu
704 1436 789 1512 nugis
804 1435 875 1496 meis
886 1433 942 1494 >tibi
958 1434 1116 1498 enlriboam.

112 1515 227 1576 lntcrim
241 1517 351 1578 abunde
361 1527 419 1596 est,
431 1519 460 1578 si
470 1518 612 1596 epistulae
620 1535 680 1582 non
691 1528 756 1581 suut
762 1517 920 1588 molestum
937 1529 1002 1580 sunt
1012 1527 1143 1598 autema

71 1608 144 1662 lbet
157 1601 224 1664 ideo
238 1601 492 1663 breuiores-erunt.
523 1601 606 1664 bate.

618 1717 639 1780 1.

366 1817 392 1869 o.
413 1817 539 1870 Pururus
558 1715 738 1870 psllnsmm
756 1816 816 1870 suo
836 1817 863 1870 s,

178 1917 301 1982 Tantane
319 1922 532 2000 perseverantia
552 1931 583 1982 tu
603 1920 688 1982 modo
709 1922 738 1981 iu
757 1919 880 1982 Lucania
894 1919 978 1980 modo
992 1919 1021 1978 in
1037 1915 1143 1986 Cam-1

69 2000 217 2083 poponis?
244 2003 324 2083 ‘lpse
343 2007 429 2066 enim’
453 2006 548 2084 inquis
571 2003 730 2082 ‘Lucanum
754 2022 826 2065 uuor
848 2003 1010 2082 Campsua'.
1040 1998 1119 2062 lusto

113 2105 203 2148 causa
223 2086 361 2166 longioris
377 2089 540 2166 absentiae,
560 2104 618 2149 uon
633 2097 791 2168 perpetuae
811 2097 911 2147 tamen.
946 2083 1021 2158 Quin
1046 2100 1144 2163 ergon

112 2171 265 2250 aliqnando
285 2173 314 2230 in
336 2173 435 2233 urbem
452 2169 550 2232 redis?
578 2173 625 2232 ubi
649 2172 771 2251 dignitas
792 2172 883 2232 bonor
902 2170 1040 2248 amicitiae
1061 2178 1118 2230 tam

113 2257 281 2334 superiores
298 2273 381 2335 quarn
399 2257 532 2317 minores.
557 2254 715 2336 Quousque
735 2251 889 2333 regnabis?
911 2271 1062 2332 quousque
1076 2255 1118 2312 vi·

112 2338 217 2418 gilabis
240 2358 304 2399 cum
324 2338 423 2416 voles,
441 2340 564 2402 dormies
580 2358 663 2419 quam
680 2340 727 2400 diu
743 2333 845 2400 voles?
863 2355 1013 2418 quousque
1028 2335 1118 2397 calcei

70 2437 271 2503 bonusquam,
294 2434 363 2502 toga
378 2423 498 2500 icriata,
511 2424 680 2486 :liber-totus
695 2420 780 2485 diesi
802 2421 926 2502 Tempus
942 2431 988 2484 est
1002 2430 1031 2482 te
1045 2423 1144 2484 nevi-3

114 2526 182 2569 sere
197 2507 342 2569 molestias
358 2516 488 2586 nostras,
503 2507 552 2568 uel
567 2509 606 2569 ob
620 2509 677 2569 hoc
691 2508 800 2585 solum,
815 2527 852 2569 ne
866 2506 1031 2584 voluptates
1046 2505 1119 2565 istae

114 2593 247 2655 satietate
267 2592 462 2670 languescant.
494 2591 591 2652 Saluta
606 2592 763 2671 paulisper,
779 2609 836 2671 quo
849 2593 890 2652 sit
905 2591 956 2651 tibi
969 2589 1119 2649 iucundius

114 2675 247 2755 salutari,
261 2686 356 2738 terere
368 2677 397 2736 iu
408 2676 462 2736 hac
477 2676 575 2752 turba,
591 2685 621 2736 ut
633 2685 662 2736 te
677 2674 950 2737 solitudodelectet.
983 2671 1042 2732 Sed
1053 2670 1146 2751 quido
1226 2683 1228 2688 '

113 2758 270 2840 inprudens
281 2777 366 2840 quem
375 2777 499 2820 evocare
512 2757 744 2822 bonorretardol
758 2757 893 2819 Fortasse
908 2759 981 2816 euim
991 2755 1035 2816 luis
1046 2755 1118 2833 ipsis

69 2843 276 2910 coronareris
292 2853 325 2903 ut
345 2851 375 2904 te
394 2844 484 2921 magis
495 2861 530 2904 ac
547 2845 636 2922 magis
647 2845 710 2903 otio
728 2840 872 2912 involvam
898 2840 975 2921 quod
990 2855 1048 2918 ego
1058 2855 1119 2900 non

113 2929 245 3006 abrumpi
256 2927 312 2987 sod
323 2927 471 2987 intermitti
488 2926 565 2989 uolo.
594 2927 633 2988 llt
645 2929 736 3004 euim,
760 2929 785 2987 si
800 2944 898 2988 cenam
913 2925 964 2985 tibi
982 2923 1145 3000 iacerem,b

113 3011 248 3072 dulcibus
272 3012 344 3073 cibis
363 3028 446 3072 acres
467 3021 628 3090 acutosque
642 3015 812 3090 miscerem,
834 3018 865 3070 ut
883 3010 1003 3071 obtusus
1016 3006 1074 3068 illis
1091 3014 1121 3066 et

113 3095 222 3158 oblitus
239 3095 402 3158 stomachus
418 3094 462 3156 his
478 3097 665 3173 excitaretur,
678 3097 717 3156 ita
732 3114 808 3156 nunc
818 3096 918 3156 hortor
930 3102 961 3153 ut
977 3089 1120 3154 iucundis·

112 3182 215 3242 sinuum
232 3199 324 3260 genus
339 3181 415 3241 vitae
437 3178 579 3240 nonnullis
594 3179 733 3240 interdum
748 3181 828 3260 quasi
843 3179 976 3239 aeonibus
994 3173 1119 3237 condias.

70 3263 199 3336 ssVsle.

585 3345 650 3408 1111.

402 3445 430 3498 (l.
446 3445 572 3497 PLINIUS
588 3444 706 3497 botulo
726 3444 785 3498 SUO
807 3445 833 3499 S.

179 3548 230 3608 Ais
244 3546 353 3624 legisse
364 3555 396 3606 te
410 3545 669 3622 hendecasyllabos
680 3561 774 3615 meos3
789 3545 912 3622 requiris
927 3543 1011 3602 etiarn
1026 3546 1147 3619 quem-1
