2604 3972
184 238 247 303 224
483 236 516 298 (l.
538 235 636 299 PLINI
657 235 707 298 Et
730 235 888 300 ratmot

182 401 243 469 rat,
260 390 427 470 confugisse
441 389 476 451 ad
494 399 570 452 tuam
584 399 703 452 statuam
718 391 946 471 perductumque
960 389 995 451 ad
1008 389 1191 468 magistratus

182 475 324 536 indicasse
338 477 466 536 servisse
480 474 630 554 aliquando
645 472 766 535 Laberio
780 474 903 536 Maximo
919 483 1088 554 captumque
1105 491 1121 534 a
1136 474 1192 534 Su·

183 577 255 637 sago
275 561 304 618 in
323 558 433 622 lloesia
455 568 485 620 et
505 577 522 618 a
541 557 691 619 Decebalo
711 559 821 619 muneri
842 560 959 618 missum
975 556 1100 634 Pacoro,
1123 556 1192 618 Par·

182 643 259 705 thiae
274 644 348 721 regi,
363 642 551 743 pluribusque
566 644 645 704 annis
661 643 691 702 in
706 643 862 704 ministerio
879 643 941 703 eius
957 641 1065 720 inisse,
1086 640 1192 703 deinde

160 727 297 806 aiugisse
313 735 398 805 atque
413 727 480 787 ita
471 745 500 785 ru
521 724 716 788 Nicomediam
736 726 915 805 pervenisse.
944 724 1037 799 Quem
1051 743 1108 803 ego
1123 742 1191 812 per·
1180 737 1216 786 -5

184 811 300 872 ductum
321 809 357 871 ad
375 829 440 886 me,
468 828 531 870 cum
552 809 652 870 eadem
671 818 833 887 narrasset,
861 808 1027 870 mittendum
1041 809 1077 871 ad
1093 819 1123 870 te
1138 827 1193 888 pu·

186 896 258 964 taui;
277 894 353 972 quod
373 892 459 973 paulo
478 892 584 955 tardius
606 894 680 971 ieci,
709 893 774 953 dum
793 894 908 972 requiro
928 909 1085 972 gemmant,
1107 911 1193 973 quarn

189 979 243 1041 sibi
258 977 431 1039 habentem
422 979 572 1054 imaginem
594 976 694 1039 Pacori
715 986 745 1038 et
759 977 861 1056 quibus
878 986 993 1038 ornatus
1008 975 1111 1038 fuisset
1124 976 1192 1040 sub·

164 1072 304 1130 atractam
319 1061 470 1122 indicabat.
503 1060 588 1121 Volui
609 1063 684 1122 enim
702 1060 775 1121 lrauc
797 1078 930 1140 quoque,
953 1062 978 1121 si
998 1061 1116 1120 inveniri
1137 1078 1191 1141 po·

184 1149 304 1224 tuisset,
322 1144 405 1206 simul
423 1147 552 1224 mittere,
575 1146 650 1206 sicut
670 1143 816 1224 glebulam
836 1145 900 1205 misi
918 1161 1000 1224 quam
1020 1163 1054 1206 se
1074 1162 1111 1205 ex
1124 1144 1234 1210 Par-lo

183 1230 260 1291 thico
276 1228 393 1290 metallo
413 1228 541 1291 attulisse
558 1229 680 1290 dicebat.
712 1228 828 1306 Signata
844 1237 890 1288 est
904 1226 987 1288 anulo
1003 1244 1086 1307 meo,
1109 1227 1192 1289 cuius

184 1323 229 1376 est
245 1312 478 1395 aposphragisma
492 1312 636 1391 quadriga.

526 1445 636 1508 uxxv.
660 1443 848 1524 [uxxvuuq

403 1544 430 1596 0.
447 1545 572 1597 PLINIUS
590 1545 736 1596 TRAIANO
753 1542 960 1599 IMPERATORI.
1201 1566 1234 1620 15

163 1664 177 1716 l
247 1645 346 1724 lulius,
363 1645 490 1724 domiue,
505 1645 613 1724 Largus
632 1666 669 1707 ex
681 1647 773 1708 Ponto
791 1646 914 1708 noudum
927 1643 995 1705 mihi
1011 1643 1090 1705 visum
1103 1660 1139 1704 ac
1152 1661 1192 1705 ue
1287 1640 1288 1727 l

184 1731 293 1792 auditus
310 1729 423 1809 quidem
441 1730 571 1808 (scilicet
591 1729 696 1792 iudicio
717 1742 767 1793 tuo
791 1729 926 1830 credidit)
950 1727 1192 1808 dispensationem
1287 1733 1288 1744 ³

185 1815 323 1896 quandam
342 1814 409 1874 mihi
429 1832 499 1891 erga
516 1824 546 1875 te
566 1815 686 1892 pietatis
698 1834 767 1876 suae
783 1815 1026 1893 ministeriumque
1040 1811 1190 1872 mandauit.

158 1899 307 1978 allegavit
328 1900 402 1960 euim
422 1906 592 1959 testamento
610 1908 640 1958 ut
660 1899 847 1961 hereditatem
866 1916 946 1960 suam
958 1896 1073 1957 adirem
1089 1913 1191 1955 cerne·

184 2001 303 2063 remque
320 2001 355 2044 ac
382 1982 483 2043 deinde
508 1985 672 2061 praeceptis
695 1985 896 2063 quinquaginta
916 1979 1030 2042 milibus
1049 1992 1235 2046 nummumao

183 2067 324 2147 reliquum
345 2084 427 2127 omne
448 2065 681 2128 Heracleotarum
696 2078 726 2130 et
745 2066 895 2126 Tianorum
911 2065 1072 2126 ciuitatibus
1085 2063 1190 2124 redde·
1288 2105 1289 2110 κ

183 2169 255 2231 rem,
273 2153 311 2212 ita
322 2161 353 2211 ut
367 2160 447 2213 esset
462 2150 568 2211 arbitrii
583 2153 639 2211 mei
651 2161 742 2212 utrum
758 2168 847 2230 opera
861 2147 993 2210 iacienda
1003 2165 1077 2228 quae
1087 2146 1190 2208 honori

184 2241 234 2296 tuo
263 2244 501 2296 consecrarentur
526 2244 655 2314 putarem
685 2253 721 2295 an
746 2233 935 2296 instituendos
962 2229 1190 2333 quinquennales

183 2336 291 2396 agonas
307 2337 354 2396 qur
347 2317 479 2378 Traiani
492 2317 716 2397 appellarentur.
753 2317 860 2391 Quod
851 2337 880 2379 ιιι
893 2317 1019 2378 notitiam
1032 2325 1108 2376 tuam
1122 2332 1190 2394 per·

183 2401 332 2462 ierendum
353 2402 510 2461 existimari
526 2401 563 2460 oh
584 2402 641 2461 hoo
662 2401 800 2480 maxime,
821 2413 852 2464 ut
872 2401 1032 2482 dispiceres
1050 2398 1117 2480 quid
1137 2397 1191 2459 eli·
1179 2412 1232 2466 -as

183 2502 254 2564 gere
270 2483 400 2545 debeam.

545 2617 669 2680 txxvl.
694 2616 827 2696 [uxqu

517 2717 681 2786 spumans
698 2717 805 2769 ιιιιιιο
823 2717 849 2772 s,

244 2820 332 2882 lulius
353 2819 460 2898 largus
481 2819 566 2880 iidem
585 2830 679 2898 tuam,
700 2821 780 2900 quasi
798 2829 828 2881 te
849 2819 924 2880 bene
945 2827 1062 2896 nosset,
1086 2818 1235 2897 elegitao

185 2904 259 2978 Quid
275 2921 345 2982 ergo
366 2904 542 2983 potissimum
558 2901 593 2963 ad
615 2905 834 2984 perpetuitatem
849 2903 1004 2964 memoriae
1018 2904 1081 2965 eius
1100 2901 1188 2962 iaciat

184 2986 340 3049 secundum
356 2988 494 3065 cuiusque
508 2985 567 3046 loci
583 2986 773 3049 conditionem
785 2989 850 3066 ipse
863 2986 986 3067 dispice,
1000 2995 1030 3050 et
1047 2986 1123 3067 quod
1135 3002 1189 3066 po·

182 3071 321 3134 tissimum
335 3069 552 3147 existimaveris,
570 3070 599 3132 id
613 3090 748 3152 sequere.

528 3203 667 3266 uxxvrr.
689 3201 837 3284 [uxum]

404 3303 431 3354 G.
450 3302 577 3354 PLINIUS
593 3302 738 3356 TRAIANO
754 3302 964 3356 IMPERATORI.

158 3420 174 3471 1
245 3404 514 3485 mendacissime,
529 3405 659 3485 domine,
677 3405 773 3468 fecisti
788 3404 865 3486 qnod
875 3403 1051 3485 praecepisti
1066 3401 1188 3485 calpur-

183 3490 230 3552 nio
247 3487 356 3570 llacro,
373 3489 529 3552 clarissimo
544 3491 618 3570 uiro,
632 3501 663 3551 ut
673 3490 859 3571 legionarium
872 3491 1066 3552 centurionem
1077 3488 1189 3566 Byzan·
