2584 3972
181 268 222 334 78
608 263 641 326 G.
663 261 761 325 PLlNl

179 419 251 480 llam
272 421 296 479 si
316 419 372 479 hoo
393 417 564 498 opusculum
584 398 710 478 nostrum
730 426 777 477 aut
792 416 971 495 potissimum
985 422 1065 476 esset
1077 423 1124 474 aut
1139 431 1186 475 so·

179 503 248 580 lum,
265 503 389 565 fortasse
407 511 509 581 posset
527 502 626 561 durum
639 501 732 561 videri
747 501 845 561 dicere
864 506 984 578 ‘quaere
998 497 1074 578 quod
1090 501 1190 576 agas':

179 587 267 648 molle
286 597 315 648 et
329 587 478 647 humanum
494 595 540 648 est
551 585 652 647 ‘habes
668 585 745 662 quod
758 591 851 663 agas?
882 584 964 644 Vale.

653 719 716 779 XV.

454 819 481 872 G.
501 817 627 871 PLINIUS
645 815 797 868 FUNDANO
816 815 876 868 SUO
890 815 917 868 S.
1197 756 1217 809 5

156 935 171 986 l
244 921 364 1000 Siquid
387 923 515 998 omnino,
542 920 599 982 hoc
623 930 702 981 certe
723 919 830 979 iudicio
858 917 935 977 facio
960 915 1037 994 quod
1056 915 1191 976 Asinium

179 1004 284 1065 llufum
303 1004 485 1082 singulariter
502 1021 573 1065 amo.
595 1003 648 1064 Est
662 1004 747 1063 homo
764 1003 884 1062 eximius
900 1010 930 1062 et
943 1001 1081 1061 bonomm
1095 1017 1189 1059 aman-

180 1090 317 1150 tissimus.
351 1085 409 1150 Gur
433 1091 506 1149 enim
527 1105 650 1149 nonme
672 1104 789 1166 quoque
811 1088 885 1145 inter
903 1086 995 1146 honos
1020 1079 1191 1144 numerem?

181 1172 261 1233 Idem
276 1171 441 1234 Cornelium
457 1172 585 1233 Taciturn
602 1173 673 1253 (scis
695 1189 780 1249 quem
800 1168 907 1248 virum)
925 1178 985 1228 arta
1000 1167 1190 1229 familiaritate
1201 1182 1236 1234 10

155 1256 342 1336 nconplexus
361 1267 415 1318 est.
437 1256 560 1317 Proinde
576 1257 600 1317 si
613 1265 762 1335 utmmque
777 1264 904 1315 nostmm
919 1253 1042 1332 probas,
1058 1250 1095 1312 de
1111 1249 1190 1311 Rufo

181 1358 297 1421 quoque
314 1360 436 1402 necesse
454 1351 500 1402 est
515 1341 592 1401 idem
602 1341 719 1418 sentias,
736 1357 801 1399 cum
814 1341 851 1398 sit
864 1336 899 1398 ad
914 1336 1107 1398 conectendas
1121 1338 1190 1396 ami·

154 1426 264 1493 scitias
285 1425 334 1485 vel
359 1427 569 1486 tenacissimum
588 1423 734 1485 vinculum
749 1441 858 1482 mamm
878 1420 1042 1482 similitudo.
1075 1418 1148 1480 Sunt
1161 1421 1189 1480 ei

180 1506 265 1568 liberi
284 1508 391 1587 plures.
420 1507 491 1568 Nam
505 1510 534 1568 in
547 1508 604 1567 lroc
621 1525 736 1586 quoque
753 1507 867 1568 functus
883 1515 928 1567 est
944 1507 1043 1585 optimi
1060 1505 1130 1564 civis
1145 1505 1189 1563 ol-

181 1592 260 1668 lioio,
277 1592 353 1670 quod
367 1591 541 1652 fecunditate
556 1594 651 1652 uxoris
669 1591 750 1669 large
766 1591 821 1651 imi
835 1589 926 1651 uoluit
940 1607 975 1650 eo
994 1587 1112 1650 saeculo
1130 1605 1189 1666 qno
1201 1593 1234 1646 lt

181 1676 329 1756 plerisque
344 1677 429 1736 etiam
439 1674 569 1752 singulos
584 1675 657 1737 filios
673 1675 801 1736 orbitatis
813 1673 939 1754 praemia
950 1691 1053 1751 graves
1066 1673 1189 1741 laciant;

182 1760 284 1838 quibus
299 1758 348 1819 ille
365 1760 513 1837 despectis
533 1761 578 1820 avi
594 1776 710 1838 quoque
730 1777 834 1820 nomen
850 1758 1016 1836 adsumpsit.
1046 1755 1100 1816 Est
1114 1757 1191 1816 enim

181 1862 267 1922 avus,
280 1853 311 1904 et
325 1843 440 1922 quidem
455 1862 493 1903 ex
506 1843 618 1905 Saturio
633 1843 745 1922 Firmo,
763 1861 847 1922 quem
862 1841 966 1920 diliges
981 1851 1012 1902 ut
1027 1857 1099 1918 ego,
1114 1843 1139 1901 si
1158 1849 1191 1898 ut

156 1939 241 2005 tego
256 1929 375 2006 propius
389 1929 562 2007 inspexeris.
597 1927 676 1988 llaec
691 1945 727 1988 eo
743 1929 885 2007 pertinent
905 1935 936 1985 ut
951 1927 1026 1987 scias
1042 1943 1124 2003 quam
1139 1941 1189 1984 co-

183 2013 309 2090 piosam,
332 2029 415 2091 quam
434 2029 614 2074 numerosam
630 2012 742 2072 domum
761 2029 818 2072 nno
833 2011 976 2071 beneficio
991 2011 1032 2072 sis
1048 2008 1235 2086 obligata-eo

183 2114 247 2165 rus;
274 2096 309 2156 ad
331 2096 407 2174 quod
426 2097 581 2175 petendum
601 2106 670 2158 voto
695 2098 829 2175 primum,
857 2085 958 2155 deinde
975 2094 1050 2154 bono
1067 2092 1191 2172 quodam

157 2181 277 2243 tomine
298 2180 471 2242 adducimur.
506 2181 642 2261 Optamus
658 2184 731 2241 enim
749 2182 798 2241 tibi
815 2181 1026 2257 ominamurque
1042 2179 1071 2237 in
1091 2179 1190 2256 proxi-

183 2281 259 2323 mum
273 2282 373 2324 annum
388 2264 573 2326 consulatum.
592 2264 634 2325 lta
644 2280 697 2326 nos
711 2266 832 2325 virtutes
848 2271 924 2341 tuae,
940 2265 978 2324 ita
994 2261 1097 2323 iudicia
1111 2263 1190 2340 prin·

156 2349 258 2426 ooipis
276 2349 525 2425 augurarivolnnt.
549 2347 700 2409 Concurrit
711 2357 845 2409 autemut
856 2346 1090 2408 siteodemanno
1101 2363 1189 2425 qnae·

185 2440 246 2491 stor
259 2433 395 2490 maximus
413 2449 450 2491 ex
464 2431 563 2492 liberis
576 2431 659 2509 Rufi,
674 2432 791 2493 Asinius
805 2431 928 2510 Bassus,
943 2434 1054 2492 iuvenis
1071 2430 1190 2509 (nescio
1199 2441 1234 2494 25

182 2533 218 2576 an
233 2514 323 2574 dicam
338 2514 415 2594 quod
429 2533 475 2574 me
490 2524 615 2594 pateret
630 2517 736 2577 sentire
755 2525 785 2577 et
800 2516 897 2578 dicere
914 2518 1002 2594 cupit,
1018 2513 1191 2576 adulescen-

157 2601 219 2664 7tis
240 2599 414 2659 verecundia
435 2599 528 2678 vetat)
550 2601 615 2679 ipso
636 2609 716 2680 patre
737 2600 849 2662 melior.
871 2599 998 2661 Difficile
1015 2608 1105 2660 estut
1120 2599 1190 2658 mihi

183 2683 218 2743 de
234 2683 353 2745 absente
377 2684 494 2763 credas,
516 2701 681 2764 quanquam
704 2684 824 2746 credere
844 2683 923 2745 soles
945 2684 1054 2761 omnia,
1081 2692 1191 2744 tantum

183 2770 211 2828 in
221 2769 272 2829 illo
284 2768 449 2847 industriae,
462 2769 623 2849 probitatis,
640 2769 819 2848 emditionis,
834 2770 953 2847 ingenii,
969 2768 1065 2844 studii,
1081 2785 1190 2842 memo·

156 2855 241 2916 tiriae
262 2852 387 2930 denique
407 2872 494 2931 esse,
520 2862 659 2931 quantam·
676 2862 812 2933 expertus
831 2854 971 2914 invenies.
1004 2852 1117 2912 Vellem
1131 2860 1236 2917 tamtttt

183 2935 264 2996 ieras
278 2936 424 2996 saeculum
438 2937 520 2997 bonis
534 2937 641 2998 artibus
655 2936 825 3000 haberemus
839 2946 870 2998 nt
881 2936 992 3015 aliquos
1004 2936 1093 2998 Basso
1105 2953 1189 3014 prae·

183 3020 261 3080 ferre
279 3019 420 3080 deberes:
443 3028 501 3080 tum
516 3037 574 3097 ego
591 3029 621 3081 te
641 3023 748 3100 primus
767 3021 896 3083 hortarer
912 3037 1117 3099 moneremque
1134 3023 1189 3080 oir-

184 3104 342 3166 cumierree
357 3102 458 3165 oculos
476 3122 510 3164 ec
525 3105 571 3166 din
586 3107 745 3184 pensitares
761 3124 845 3185 quem
858 3107 1037 3185 potissimum
1049 3105 1189 3182 eligeres.

158 3187 266 3252 ltNuno
279 3205 350 3248 vero
368 3225 408 3234 —
422 3189 476 3249 sed
490 3189 558 3248 nihil
571 3189 641 3250 volo
656 3190 691 3250 de
702 3193 792 3251 amico
804 3209 869 3251 meo
879 3190 1060 3268 adrogantius
1076 3188 1188 3266 dicere,

182 3270 239 3332 hoc
256 3271 348 3332 solum
364 3272 430 3334 dico
446 3272 559 3352 dignum
580 3292 647 3336 esse
668 3276 799 3335 invenem
814 3293 898 3354 quem
914 3292 993 3335 more
1007 3275 1143 3333 maiorum
1160 3274 1234 3337 inite

142 3367 175 3420 10
183 3354 232 3415 lilii
249 3355 344 3416 locum
360 3355 498 3419 adsumas.
529 3357 645 3420 Debent
658 3367 752 3419 autem
767 3360 911 3436 sapientes
923 3359 977 3418 viri
985 3401 993 3434 ‚
1012 3367 1044 3418 ut
1058 3366 1098 3433 tu,
1111 3355 1188 3416 tales

184 3439 265 3517 quasi
284 3438 391 3501 liberos
413 3459 429 3502 a
449 3459 482 3501 re
503 3441 617 3522 publica
636 3445 770 3521 accipere
788 3441 888 3521 quales
908 3461 924 3502 a
940 3452 1038 3503 natura
1057 3439 1187 3501 solemus

183 3531 292 3601 optare.
332 3523 464 3586 Decoms
487 3528 540 3588 erit
565 3527 615 3587 tihi
638 3525 747 3588 consuli
770 3535 904 3604 quaestor
925 3534 1006 3606 patre
1029 3525 1188 3605 praetorio,
