<?xml version="1.0" encoding="UTF-8"?>
<!DOCTYPE html PUBLIC "-//W3C//DTD XHTML 1.0 Transitional//EN"
    "http://www.w3.org/TR/xhtml1/DTD/xhtml1-transitional.dtd">
<html xmlns="http://www.w3.org/1999/xhtml" xml:lang="en" lang="en">
 <head>
  <title>
</title>
<meta http-equiv="Content-Type" content="text/html;charset=utf-8" />
  <meta name='ocr-system' content='tesseract 3.04.00' />
  <meta name='ocr-capabilities' content='ocr_page ocr_carea ocr_par ocr_line ocrx_word'/>
</head>
<body>
  <div class='ocr_page' id='page_1' title='image "./cplinicaecilise05plingoog_0077.png"; bbox 0 0 2580 3978; ppageno 0'>
   <div class='ocr_carea' id='block_1_1' title="bbox 169 282 751 353">
    <p class='ocr_par' dir='ltr' id='par_1_1' title="bbox 169 282 751 353">
     <span class='ocr_line' id='line_1_1' title="bbox 169 282 751 353; baseline -0.01 -2"><span class='ocrx_word' id='word_1_1' title='bbox 169 288 211 353; x_wconf 78' lang='lat' dir='ltr'><strong>to</strong></span> <span class='ocrx_word' id='word_1_2' title='bbox 599 283 631 345; x_wconf 81' lang='lat' dir='ltr'><strong>G.</strong></span> <span class='ocrx_word' id='word_1_3' title='bbox 654 282 751 345; x_wconf 86' lang='lat' dir='ltr'><strong>Pthl</strong></span> 
     </span>
    </p>
   </div>
   <div class='ocr_carea' id='block_1_2' title="bbox 141 435 1280 2110">
    <p class='ocr_par' dir='ltr' id='par_1_2' title="bbox 141 435 1280 2110">
     <span class='ocr_line' id='line_1_2' title="bbox 169 435 1177 517; baseline -0.005 -14"><span class='ocrx_word' id='word_1_4' title='bbox 169 445 240 504; x_wconf 90' lang='lat' dir='ltr'><strong>intra</strong></span> <span class='ocrx_word' id='word_1_5' title='bbox 255 439 470 501; x_wconf 90' lang='lat' dir='ltr'><strong>contubernium</strong></span> <span class='ocrx_word' id='word_1_6' title='bbox 487 449 564 499; x_wconf 90' lang='lat' dir='ltr'><strong>tuum</strong></span> <span class='ocrx_word' id='word_1_7' title='bbox 577 437 677 516; x_wconf 89' lang='lat' dir='ltr'><strong>tenuit,</strong></span> <span class='ocrx_word' id='word_1_8' title='bbox 693 445 898 517; x_wconf 80' lang='lat' dir='ltr'><strong>praeceptores</strong></span> <span class='ocrx_word' id='word_1_9' title='bbox 913 437 988 496; x_wconf 91' lang='lat' dir='ltr'><strong>domi</strong></span> <span class='ocrx_word' id='word_1_10' title='bbox 1002 435 1110 515; x_wconf 89' lang='lat' dir='ltr'><strong>habuit,</strong></span> <span class='ocrx_word' id='word_1_11' title='bbox 1126 438 1177 498; x_wconf 92' lang='lat' dir='ltr'><strong>ubi</strong></span> 
     </span>
     <span class='ocr_line' id='line_1_3' title="bbox 170 519 1176 588; baseline -0.005 0"><span class='ocrx_word' id='word_1_12' title='bbox 170 537 214 588; x_wconf 90' lang='lat' dir='ltr'><strong>est</strong></span> <span class='ocrx_word' id='word_1_13' title='bbox 230 525 375 586; x_wconf 88' lang='lat' dir='ltr'><strong>erroribus</strong></span> <span class='ocrx_word' id='word_1_14' title='bbox 392 523 504 582; x_wconf 88' lang='lat' dir='ltr'><strong>modica</strong></span> <span class='ocrx_word' id='word_1_15' title='bbox 519 522 567 584; x_wconf 88' lang='lat' dir='ltr'><strong>vel</strong></span> <span class='ocrx_word' id='word_1_16' title='bbox 583 523 667 582; x_wconf 88' lang='lat' dir='ltr'><strong>etiam</strong></span> <span class='ocrx_word' id='word_1_17' title='bbox 680 521 757 581; x_wconf 91' lang='lat' dir='ltr'><strong>nulla</strong></span> <span class='ocrx_word' id='word_1_18' title='bbox 773 523 897 581; x_wconf 90' lang='lat' dir='ltr'><strong>materia.</strong></span> <span class='ocrx_word' id='word_1_19' title='bbox 931 519 989 580; x_wconf 92' lang='lat' dir='ltr'><strong>lam</strong></span> <span class='ocrx_word' id='word_1_20' title='bbox 1004 519 1095 580; x_wconf 86' lang='lat' dir='ltr'><strong>studia</strong></span> <span class='ocrx_word' id='word_1_21' title='bbox 1112 523 1176 583; x_wconf 89' lang='lat' dir='ltr'><strong>eius</strong></span> 
     </span>
     <span class='ocr_line' id='line_1_4' title="bbox 170 603 1175 687; baseline -0.006 -15"><span class='ocrx_word' id='word_1_22' title='bbox 170 618 249 676; x_wconf 81' lang='lat' dir='ltr'><strong>extra</strong></span> <span class='ocrx_word' id='word_1_23' title='bbox 262 608 349 668; x_wconf 91' lang='lat' dir='ltr'><strong>limen</strong></span> <span class='ocrx_word' id='word_1_24' title='bbox 365 605 538 687; x_wconf 88' lang='lat' dir='ltr'><strong>proferenda</strong></span> <span class='ocrx_word' id='word_1_25' title='bbox 552 614 628 683; x_wconf 91' lang='lat' dir='ltr'><strong>sunt,</strong></span> <span class='ocrx_word' id='word_1_26' title='bbox 646 607 700 665; x_wconf 90' lang='lat' dir='ltr'><strong>iam</strong></span> <span class='ocrx_word' id='word_1_27' title='bbox 718 603 992 684; x_wconf 76' lang='lat' dir='ltr'><strong>circumspiciendus</strong></span> <span class='ocrx_word' id='word_1_28' title='bbox 1009 603 1109 664; x_wconf 80' lang='lat' dir='ltr'><strong>rhetor</strong></span> <span class='ocrx_word' id='word_1_29' title='bbox 1123 604 1175 667; x_wconf 85' lang='lat' dir='ltr'><strong>La·</strong></span> 
     </span>
     <span class='ocr_line' id='line_1_5' title="bbox 168 688 1278 772; baseline -0.007 -18"><span class='ocrx_word' id='word_1_30' title='bbox 168 697 261 772; x_wconf 87' lang='lat' dir='ltr'><strong>tinus,</strong></span> <span class='ocrx_word' id='word_1_31' title='bbox 279 692 359 752; x_wconf 90' lang='lat' dir='ltr'><strong>cuius</strong></span> <span class='ocrx_word' id='word_1_32' title='bbox 375 690 492 752; x_wconf 87' lang='lat' dir='ltr'><strong>scholae</strong></span> <span class='ocrx_word' id='word_1_33' title='bbox 504 691 660 767; x_wconf 88' lang='lat' dir='ltr'><strong>severitas,</strong></span> <span class='ocrx_word' id='word_1_34' title='bbox 684 688 791 768; x_wconf 90' lang='lat' dir='ltr'><strong>pudor,</strong></span> <span class='ocrx_word' id='word_1_35' title='bbox 814 690 842 748; x_wconf 89' lang='lat' dir='ltr'><strong>in</strong></span> <span class='ocrx_word' id='word_1_36' title='bbox 856 690 953 766; x_wconf 86' lang='lat' dir='ltr'><strong>primis</strong></span> <span class='ocrx_word' id='word_1_37' title='bbox 973 689 1088 749; x_wconf 87' lang='lat' dir='ltr'><strong>castitas</strong></span> <span class='ocrx_word' id='word_1_38' title='bbox 1105 707 1174 749; x_wconf 91' lang='lat' dir='ltr'><strong>con·</strong></span> <span class='ocrx_word' id='word_1_39' title='bbox 1277 690 1278 746; x_wconf 88' lang='lat' dir='ltr'><strong>l</strong></span> 
     </span>
     <span class='ocr_line' id='line_1_6' title="bbox 142 772 1199 851; baseline -0.004 -12"><span class='ocrx_word' id='word_1_40' title='bbox 142 788 236 851; x_wconf 84' lang='lat' dir='ltr'><strong>4stct.</strong></span> <span class='ocrx_word' id='word_1_41' title='bbox 269 775 359 836; x_wconf 83' lang='lat' dir='ltr'><strong>Adest</strong></span> <span class='ocrx_word' id='word_1_42' title='bbox 376 777 450 834; x_wconf 90' lang='lat' dir='ltr'><strong>enim</strong></span> <span class='ocrx_word' id='word_1_43' title='bbox 471 772 648 834; x_wconf 78' lang='lat' dir='ltr'><strong>adulescenti</strong></span> <span class='ocrx_word' id='word_1_44' title='bbox 661 782 760 833; x_wconf 90' lang='lat' dir='ltr'><strong>nostro</strong></span> <span class='ocrx_word' id='word_1_45' title='bbox 776 790 840 831; x_wconf 91' lang='lat' dir='ltr'><strong>cum</strong></span> <span class='ocrx_word' id='word_1_46' title='bbox 856 774 962 832; x_wconf 91' lang='lat' dir='ltr'><strong>ceteris</strong></span> <span class='ocrx_word' id='word_1_47' title='bbox 977 782 1092 832; x_wconf 88' lang='lat' dir='ltr'><strong>naturae</strong></span> <span class='ocrx_word' id='word_1_48' title='bbox 1113 772 1199 836; x_wconf 84' lang='lat' dir='ltr'><strong>ior-5</strong></span> 
     </span>
     <span class='ocr_line' id='line_1_7' title="bbox 168 855 1174 940; baseline -0.006 -18"><span class='ocrx_word' id='word_1_49' title='bbox 168 873 310 940; x_wconf 91' lang='lat' dir='ltr'><strong>tunaeque</strong></span> <span class='ocrx_word' id='word_1_50' title='bbox 331 859 444 919; x_wconf 88' lang='lat' dir='ltr'><strong>dotibus</strong></span> <span class='ocrx_word' id='word_1_51' title='bbox 462 859 563 917; x_wconf 83' lang='lat' dir='ltr'><strong>eximia</strong></span> <span class='ocrx_word' id='word_1_52' title='bbox 578 857 707 935; x_wconf 89' lang='lat' dir='ltr'><strong>corporis</strong></span> <span class='ocrx_word' id='word_1_53' title='bbox 722 855 920 935; x_wconf 85' lang='lat' dir='ltr'><strong>pulchritudo,</strong></span> <span class='ocrx_word' id='word_1_54' title='bbox 943 857 988 916; x_wconf 91' lang='lat' dir='ltr'><strong>cui</strong></span> <span class='ocrx_word' id='word_1_55' title='bbox 1009 857 1037 915; x_wconf 92' lang='lat' dir='ltr'><strong>in</strong></span> <span class='ocrx_word' id='word_1_56' title='bbox 1058 855 1115 916; x_wconf 93' lang='lat' dir='ltr'><strong>hoc</strong></span> <span class='ocrx_word' id='word_1_57' title='bbox 1130 856 1174 916; x_wconf 89' lang='lat' dir='ltr'><strong>lu·</strong></span> 
     </span>
     <span class='ocr_line' id='line_1_8' title="bbox 168 938 1174 1020; baseline -0.004 -15"><span class='ocrx_word' id='word_1_58' title='bbox 168 947 249 1006; x_wconf 90' lang='lat' dir='ltr'><strong>brico</strong></span> <span class='ocrx_word' id='word_1_59' title='bbox 266 945 366 1004; x_wconf 88' lang='lat' dir='ltr'><strong>aetatis</strong></span> <span class='ocrx_word' id='word_1_60' title='bbox 383 959 439 1001; x_wconf 91' lang='lat' dir='ltr'><strong>non</strong></span> <span class='ocrx_word' id='word_1_61' title='bbox 453 950 626 1020; x_wconf 92' lang='lat' dir='ltr'><strong>praeceptor</strong></span> <span class='ocrx_word' id='word_1_62' title='bbox 640 939 724 999; x_wconf 91' lang='lat' dir='ltr'><strong>modo</strong></span> <span class='ocrx_word' id='word_1_63' title='bbox 740 938 792 1000; x_wconf 89' lang='lat' dir='ltr'><strong>scd</strong></span> <span class='ocrx_word' id='word_1_64' title='bbox 805 948 903 1000; x_wconf 91' lang='lat' dir='ltr'><strong>custos</strong></span> <span class='ocrx_word' id='word_1_65' title='bbox 918 942 1002 999; x_wconf 88' lang='lat' dir='ltr'><strong>etiam</strong></span> <span class='ocrx_word' id='word_1_66' title='bbox 1015 950 1174 1019; x_wconf 87' lang='lat' dir='ltr'><strong>rectorque</strong></span> 
     </span>
     <span class='ocr_line' id='line_1_9' title="bbox 143 1022 1174 1108; baseline -0.004 -20"><span class='ocrx_word' id='word_1_67' title='bbox 143 1026 347 1108; x_wconf 81' lang='lat' dir='ltr'><strong>5quaerendus</strong></span> <span class='ocrx_word' id='word_1_68' title='bbox 368 1036 424 1087; x_wconf 89' lang='lat' dir='ltr'><strong>est.</strong></span> <span class='ocrx_word' id='word_1_69' title='bbox 456 1024 564 1084; x_wconf 90' lang='lat' dir='ltr'><strong>Videor</strong></span> <span class='ocrx_word' id='word_1_70' title='bbox 583 1040 655 1100; x_wconf 80' lang='lat' dir='ltr'><strong>ergo</strong></span> <span class='ocrx_word' id='word_1_71' title='bbox 676 1023 870 1084; x_wconf 88' lang='lat' dir='ltr'><strong>demonstrare</strong></span> <span class='ocrx_word' id='word_1_72' title='bbox 891 1024 941 1083; x_wconf 92' lang='lat' dir='ltr'><strong>tibi</strong></span> <span class='ocrx_word' id='word_1_73' title='bbox 965 1040 1053 1101; x_wconf 91' lang='lat' dir='ltr'><strong>posse</strong></span> <span class='ocrx_word' id='word_1_74' title='bbox 1071 1022 1174 1084; x_wconf 91' lang='lat' dir='ltr'><strong>lulium</strong></span> 
     </span>
     <span class='ocr_line' id='line_1_10' title="bbox 169 1107 1279 1177; baseline -0.005 -5"><span class='ocrx_word' id='word_1_75' title='bbox 169 1111 343 1172; x_wconf 81' lang='lat' dir='ltr'><strong>(ianitorem.</strong></span> <span class='ocrx_word' id='word_1_76' title='bbox 363 1109 480 1169; x_wconf 82' lang='lat' dir='ltr'><strong>Amatur</strong></span> <span class='ocrx_word' id='word_1_77' title='bbox 493 1127 510 1168; x_wconf 93' lang='lat' dir='ltr'><strong>a</strong></span> <span class='ocrx_word' id='word_1_78' title='bbox 524 1126 585 1177; x_wconf 87' lang='lat' dir='ltr'><strong>me;</strong></span> <span class='ocrx_word' id='word_1_79' title='bbox 605 1107 710 1167; x_wconf 91' lang='lat' dir='ltr'><strong>iudicio</strong></span> <span class='ocrx_word' id='word_1_80' title='bbox 726 1115 819 1167; x_wconf 88' lang='lat' dir='ltr'><strong>tamen</strong></span> <span class='ocrx_word' id='word_1_81' title='bbox 837 1124 902 1168; x_wconf 89' lang='lat' dir='ltr'><strong>meo</strong></span> <span class='ocrx_word' id='word_1_82' title='bbox 916 1124 972 1166; x_wconf 91' lang='lat' dir='ltr'><strong>non</strong></span> <span class='ocrx_word' id='word_1_83' title='bbox 988 1107 1081 1167; x_wconf 92' lang='lat' dir='ltr'><strong>obstat</strong></span> <span class='ocrx_word' id='word_1_84' title='bbox 1101 1111 1172 1168; x_wconf 89' lang='lat' dir='ltr'><strong>cari·</strong></span> <span class='ocrx_word' id='word_1_85' title='bbox 1278 1125 1279 1158; x_wconf 70' lang='lat'>1</span> 
     </span>
     <span class='ocr_line' id='line_1_11' title="bbox 168 1189 1214 1272; baseline -0.006 -16"><span class='ocrx_word' id='word_1_86' title='bbox 168 1206 210 1256; x_wconf 93' lang='lat' dir='ltr'><strong>tas</strong></span> <span class='ocrx_word' id='word_1_87' title='bbox 225 1195 356 1269; x_wconf 89' lang='lat' dir='ltr'><strong>hominis,</strong></span> <span class='ocrx_word' id='word_1_88' title='bbox 373 1211 446 1272; x_wconf 90' lang='lat' dir='ltr'><strong>quae</strong></span> <span class='ocrx_word' id='word_1_89' title='bbox 461 1210 497 1252; x_wconf 87' lang='lat' dir='ltr'><strong>cx</strong></span> <span class='ocrx_word' id='word_1_90' title='bbox 508 1191 612 1252; x_wconf 90' lang='lat' dir='ltr'><strong>iudicio</strong></span> <span class='ocrx_word' id='word_1_91' title='bbox 622 1199 685 1250; x_wconf 87' lang='lat' dir='ltr'><strong>nata</strong></span> <span class='ocrx_word' id='word_1_92' title='bbox 697 1198 752 1250; x_wconf 91' lang='lat' dir='ltr'><strong>est.</strong></span> <span class='ocrx_word' id='word_1_93' title='bbox 772 1189 823 1249; x_wconf 91' lang='lat' dir='ltr'><strong>Vir</strong></span> <span class='ocrx_word' id='word_1_94' title='bbox 834 1201 879 1251; x_wconf 89' lang='lat' dir='ltr'><strong>cst</strong></span> <span class='ocrx_word' id='word_1_95' title='bbox 890 1189 1053 1251; x_wconf 89' lang='lat' dir='ltr'><strong>emendatus</strong></span> <span class='ocrx_word' id='word_1_96' title='bbox 1065 1200 1094 1250; x_wconf 94' lang='lat' dir='ltr'><strong>et</strong></span> <span class='ocrx_word' id='word_1_97' title='bbox 1106 1210 1171 1269; x_wconf 81' lang='lat' dir='ltr'><strong>gra-</strong></span> <span class='ocrx_word' id='word_1_98' title='bbox 1183 1207 1214 1258; x_wconf 82' lang='grc' dir='ltr'><strong>ιο</strong></span> 
     </span>
     <span class='ocr_line' id='line_1_12' title="bbox 167 1273 1172 1358; baseline 0 -22"><span class='ocrx_word' id='word_1_99' title='bbox 167 1280 228 1357; x_wconf 86' lang='lat' dir='ltr'><strong>vis,</strong></span> <span class='ocrx_word' id='word_1_100' title='bbox 252 1277 337 1358; x_wconf 89' lang='lat' dir='ltr'><strong>paulo</strong></span> <span class='ocrx_word' id='word_1_101' title='bbox 353 1279 437 1337; x_wconf 91' lang='lat' dir='ltr'><strong>etiam</strong></span> <span class='ocrx_word' id='word_1_102' title='bbox 456 1276 597 1337; x_wconf 90' lang='lat' dir='ltr'><strong>horridior</strong></span> <span class='ocrx_word' id='word_1_103' title='bbox 608 1283 637 1335; x_wconf 99' lang='lat' dir='ltr'><strong>et</strong></span> <span class='ocrx_word' id='word_1_104' title='bbox 648 1273 754 1352; x_wconf 90' lang='lat' dir='ltr'><strong>durior,</strong></span> <span class='ocrx_word' id='word_1_105' title='bbox 770 1282 800 1334; x_wconf 92' lang='lat' dir='ltr'><strong>ut</strong></span> <span class='ocrx_word' id='word_1_106' title='bbox 815 1275 844 1333; x_wconf 90' lang='lat' dir='ltr'><strong>in</strong></span> <span class='ocrx_word' id='word_1_107' title='bbox 864 1274 918 1334; x_wconf 95' lang='lat' dir='ltr'><strong>hac</strong></span> <span class='ocrx_word' id='word_1_108' title='bbox 932 1273 1047 1334; x_wconf 90' lang='lat' dir='ltr'><strong>licentia</strong></span> <span class='ocrx_word' id='word_1_109' title='bbox 1060 1283 1172 1355; x_wconf 88' lang='lat' dir='ltr'><strong>tempo-</strong></span> 
     </span>
     <span class='ocr_line' id='line_1_13' title="bbox 141 1357 1172 1438; baseline -0.002 -17"><span class='ocrx_word' id='word_1_110' title='bbox 141 1381 240 1435; x_wconf 70' lang='lat' dir='ltr'><strong>prum.</strong></span> <span class='ocrx_word' id='word_1_111' title='bbox 273 1361 413 1435; x_wconf 84' lang='lat' dir='ltr'><strong>Quantum</strong></span> <span class='ocrx_word' id='word_1_112' title='bbox 428 1358 590 1438; x_wconf 89' lang='lat' dir='ltr'><strong>eloquentia</strong></span> <span class='ocrx_word' id='word_1_113' title='bbox 605 1357 699 1418; x_wconf 86' lang='lat' dir='ltr'><strong>valcat</strong></span> <span class='ocrx_word' id='word_1_114' title='bbox 713 1357 845 1437; x_wconf 90' lang='lat' dir='ltr'><strong>pluribus</strong></span> <span class='ocrx_word' id='word_1_115' title='bbox 857 1359 977 1419; x_wconf 89' lang='lat' dir='ltr'><strong>credere</strong></span> <span class='ocrx_word' id='word_1_116' title='bbox 992 1368 1093 1437; x_wconf 90' lang='lat' dir='ltr'><strong>potes;</strong></span> <span class='ocrx_word' id='word_1_117' title='bbox 1108 1377 1172 1419; x_wconf 91' lang='lat' dir='ltr'><strong>nam</strong></span> 
     </span>
     <span class='ocr_line' id='line_1_14' title="bbox 168 1442 1172 1523; baseline -0.002 -18"><span class='ocrx_word' id='word_1_118' title='bbox 168 1445 280 1506; x_wconf 88' lang='lat' dir='ltr'><strong>dicendi</strong></span> <span class='ocrx_word' id='word_1_119' title='bbox 295 1444 415 1505; x_wconf 82' lang='lat' dir='ltr'><strong>facultas</strong></span> <span class='ocrx_word' id='word_1_120' title='bbox 430 1455 528 1523; x_wconf 88' lang='lat' dir='ltr'><strong>aperta</strong></span> <span class='ocrx_word' id='word_1_121' title='bbox 545 1452 574 1503; x_wconf 89' lang='lat' dir='ltr'><strong>et</strong></span> <span class='ocrx_word' id='word_1_122' title='bbox 592 1444 723 1522; x_wconf 88' lang='lat' dir='ltr'><strong>exposita</strong></span> <span class='ocrx_word' id='word_1_123' title='bbox 739 1444 831 1502; x_wconf 90' lang='lat' dir='ltr'><strong>statim</strong></span> <span class='ocrx_word' id='word_1_124' title='bbox 849 1444 987 1503; x_wconf 86' lang='lat' dir='ltr'><strong>comitur:</strong></span> <span class='ocrx_word' id='word_1_125' title='bbox 1009 1444 1066 1502; x_wconf 88' lang='lat' dir='ltr'><strong>vita</strong></span> <span class='ocrx_word' id='word_1_126' title='bbox 1081 1442 1172 1503; x_wconf 92' lang='lat' dir='ltr'><strong>homi-</strong></span> 
     </span>
     <span class='ocr_line' id='line_1_15' title="bbox 167 1525 1171 1606; baseline 0 -18"><span class='ocrx_word' id='word_1_127' title='bbox 167 1547 232 1589; x_wconf 90' lang='lat' dir='ltr'><strong>num</strong></span> <span class='ocrx_word' id='word_1_128' title='bbox 248 1529 321 1588; x_wconf 87' lang='lat' dir='ltr'><strong>altos</strong></span> <span class='ocrx_word' id='word_1_129' title='bbox 336 1545 472 1588; x_wconf 88' lang='lat' dir='ltr'><strong>recessus</strong></span> <span class='ocrx_word' id='word_1_130' title='bbox 488 1544 660 1604; x_wconf 81' lang='lat' dir='ltr'><strong>magnasque</strong></span> <span class='ocrx_word' id='word_1_131' title='bbox 681 1525 805 1587; x_wconf 84' lang='lat' dir='ltr'><strong>latebras</strong></span> <span class='ocrx_word' id='word_1_132' title='bbox 820 1527 919 1595; x_wconf 87' lang='lat' dir='ltr'><strong>habet;</strong></span> <span class='ocrx_word' id='word_1_133' title='bbox 947 1528 1026 1586; x_wconf 91' lang='lat' dir='ltr'><strong>cuius</strong></span> <span class='ocrx_word' id='word_1_134' title='bbox 1041 1544 1094 1606; x_wconf 91' lang='lat' dir='ltr'><strong>pro</strong></span> <span class='ocrx_word' id='word_1_135' title='bbox 1104 1525 1171 1594; x_wconf 63' lang='lat' dir='ltr'><strong>,Ge-</strong></span> 
     </span>
     <span class='ocr_line' id='line_1_16' title="bbox 166 1607 1280 1690; baseline 0 -18"><span class='ocrx_word' id='word_1_136' title='bbox 166 1615 258 1673; x_wconf 90' lang='lat' dir='ltr'><strong>nitore</strong></span> <span class='ocrx_word' id='word_1_137' title='bbox 274 1630 319 1672; x_wconf 88' lang='lat' dir='ltr'><strong>me</strong></span> <span class='ocrx_word' id='word_1_138' title='bbox 337 1628 506 1690; x_wconf 84' lang='lat' dir='ltr'><strong>sponsorem</strong></span> <span class='ocrx_word' id='word_1_139' title='bbox 517 1613 630 1689; x_wconf 91' lang='lat' dir='ltr'><strong>accipe.</strong></span> <span class='ocrx_word' id='word_1_140' title='bbox 659 1607 735 1668; x_wconf 89' lang='lat' dir='ltr'><strong>Nihil</strong></span> <span class='ocrx_word' id='word_1_141' title='bbox 751 1629 789 1670; x_wconf 85' lang='lat' dir='ltr'><strong>cx</strong></span> <span class='ocrx_word' id='word_1_142' title='bbox 806 1610 861 1670; x_wconf 93' lang='lat' dir='ltr'><strong>hoc</strong></span> <span class='ocrx_word' id='word_1_143' title='bbox 877 1613 939 1671; x_wconf 84' lang='lat' dir='ltr'><strong>viro</strong></span> <span class='ocrx_word' id='word_1_144' title='bbox 951 1609 1025 1672; x_wconf 89' lang='lat' dir='ltr'><strong>lilius</strong></span> <span class='ocrx_word' id='word_1_145' title='bbox 1039 1618 1105 1672; x_wconf 90' lang='lat' dir='ltr'><strong>tuus</strong></span> <span class='ocrx_word' id='word_1_146' title='bbox 1122 1629 1170 1672; x_wconf 91' lang='lat' dir='ltr'><strong>au·</strong></span> <span class='ocrx_word' id='word_1_147' title='bbox 1182 1631 1213 1682; x_wconf 79' lang='lat'><strong>15</strong></span> <span class='ocrx_word' id='word_1_148' title='bbox 1279 1613 1280 1622; x_wconf 75' lang='grc'>’</span> 
     </span>
     <span class='ocr_line' id='line_1_17' title="bbox 167 1693 1169 1774; baseline 0.001 -19"><span class='ocrx_word' id='word_1_149' title='bbox 167 1696 225 1756; x_wconf 90' lang='lat' dir='ltr'><strong>diet</strong></span> <span class='ocrx_word' id='word_1_150' title='bbox 235 1698 290 1757; x_wconf 92' lang='lat' dir='ltr'><strong>nisi</strong></span> <span class='ocrx_word' id='word_1_151' title='bbox 305 1695 500 1773; x_wconf 84' lang='lat' dir='ltr'><strong>profuturum,</strong></span> <span class='ocrx_word' id='word_1_152' title='bbox 521 1693 590 1754; x_wconf 90' lang='lat' dir='ltr'><strong>nihil</strong></span> <span class='ocrx_word' id='word_1_153' title='bbox 605 1693 697 1754; x_wconf 85' lang='lat' dir='ltr'><strong>discet</strong></span> <span class='ocrx_word' id='word_1_154' title='bbox 712 1695 789 1773; x_wconf 92' lang='lat' dir='ltr'><strong>quod</strong></span> <span class='ocrx_word' id='word_1_155' title='bbox 802 1695 933 1755; x_wconf 86' lang='lat' dir='ltr'><strong>nescisse</strong></span> <span class='ocrx_word' id='word_1_156' title='bbox 949 1698 1057 1756; x_wconf 90' lang='lat' dir='ltr'><strong>rectius</strong></span> <span class='ocrx_word' id='word_1_157' title='bbox 1072 1695 1169 1774; x_wconf 86' lang='lat' dir='ltr'><strong>luerit,</strong></span> 
     </span>
     <span class='ocr_line' id='line_1_18' title="bbox 141 1777 1171 1860; baseline 0.003 -22"><span class='ocrx_word' id='word_1_158' title='bbox 141 1793 221 1850; x_wconf 73' lang='lat' dir='ltr'><strong>nnec</strong></span> <span class='ocrx_word' id='word_1_159' title='bbox 239 1781 329 1839; x_wconf 89' lang='lat' dir='ltr'><strong>minus</strong></span> <span class='ocrx_word' id='word_1_160' title='bbox 345 1797 434 1858; x_wconf 89' lang='lat' dir='ltr'><strong>saepe</strong></span> <span class='ocrx_word' id='word_1_161' title='bbox 448 1778 546 1839; x_wconf 89' lang='lat' dir='ltr'><strong>abillo</strong></span> <span class='ocrx_word' id='word_1_162' title='bbox 564 1795 647 1857; x_wconf 89' lang='lat' dir='ltr'><strong>quam</strong></span> <span class='ocrx_word' id='word_1_163' title='bbox 660 1796 676 1837; x_wconf 91' lang='lat' dir='ltr'><strong>a</strong></span> <span class='ocrx_word' id='word_1_164' title='bbox 693 1788 722 1838; x_wconf 91' lang='lat' dir='ltr'><strong>te</strong></span> <span class='ocrx_word' id='word_1_165' title='bbox 738 1797 840 1857; x_wconf 89' lang='lat' dir='ltr'><strong>meque</strong></span> <span class='ocrx_word' id='word_1_166' title='bbox 856 1777 1052 1839; x_wconf 88' lang='lat' dir='ltr'><strong>admonebitur</strong></span> <span class='ocrx_word' id='word_1_167' title='bbox 1066 1780 1171 1860; x_wconf 89' lang='lat' dir='ltr'><strong>quibus</strong></span> 
     </span>
     <span class='ocr_line' id='line_1_19' title="bbox 165 1863 1170 1942; baseline 0.002 -20"><span class='ocrx_word' id='word_1_168' title='bbox 165 1864 333 1941; x_wconf 83' lang='lat' dir='ltr'><strong>imaginibus</strong></span> <span class='ocrx_word' id='word_1_169' title='bbox 350 1872 495 1942; x_wconf 86' lang='lat' dir='ltr'><strong>oneretur,</strong></span> <span class='ocrx_word' id='word_1_170' title='bbox 513 1879 585 1941; x_wconf 91' lang='lat' dir='ltr'><strong>qnae</strong></span> <span class='ocrx_word' id='word_1_171' title='bbox 596 1863 707 1922; x_wconf 89' lang='lat' dir='ltr'><strong>nomina</strong></span> <span class='ocrx_word' id='word_1_172' title='bbox 722 1872 751 1922; x_wconf 90' lang='lat' dir='ltr'><strong>et</strong></span> <span class='ocrx_word' id='word_1_173' title='bbox 763 1870 864 1940; x_wconf 92' lang='lat' dir='ltr'><strong>quanta</strong></span> <span class='ocrx_word' id='word_1_174' title='bbox 878 1864 1026 1922; x_wconf 89' lang='lat' dir='ltr'><strong>sustineat.</strong></span> <span class='ocrx_word' id='word_1_175' title='bbox 1047 1863 1170 1924; x_wconf 87' lang='lat' dir='ltr'><strong>Proinde</strong></span> 
     </span>
     <span class='ocr_line' id='line_1_20' title="bbox 165 1945 1169 2027; baseline 0.001 -21"><span class='ocrx_word' id='word_1_176' title='bbox 165 1947 326 2009; x_wconf 83' lang='lat' dir='ltr'><strong>faventibus</strong></span> <span class='ocrx_word' id='word_1_177' title='bbox 347 1945 400 2007; x_wconf 90' lang='lat' dir='ltr'><strong>diis</strong></span> <span class='ocrx_word' id='word_1_178' title='bbox 418 1946 496 2008; x_wconf 90' lang='lat' dir='ltr'><strong>trade</strong></span> <span class='ocrx_word' id='word_1_179' title='bbox 514 1964 578 2006; x_wconf 89' lang='lat' dir='ltr'><strong>eum</strong></span> <span class='ocrx_word' id='word_1_180' title='bbox 597 1948 796 2026; x_wconf 84' lang='lat' dir='ltr'><strong>praeceptori,</strong></span> <span class='ocrx_word' id='word_1_181' title='bbox 819 1964 834 2006; x_wconf 87' lang='lat' dir='ltr'><strong>a</strong></span> <span class='ocrx_word' id='word_1_182' title='bbox 856 1964 913 2025; x_wconf 94' lang='lat' dir='ltr'><strong>quo</strong></span> <span class='ocrx_word' id='word_1_183' title='bbox 927 1964 1022 2008; x_wconf 93' lang='lat' dir='ltr'><strong>mores</strong></span> <span class='ocrx_word' id='word_1_184' title='bbox 1038 1948 1169 2027; x_wconf 90' lang='lat' dir='ltr'><strong>primurn,</strong></span> 
     </span>
     <span class='ocr_line' id='line_1_21' title="bbox 164 2029 1212 2110; baseline 0.005 -20"><span class='ocrx_word' id='word_1_185' title='bbox 164 2049 231 2091; x_wconf 83' lang='lat' dir='ltr'><strong>mox</strong></span> <span class='ocrx_word' id='word_1_186' title='bbox 241 2030 432 2110; x_wconf 88' lang='lat' dir='ltr'><strong>eloquentiam</strong></span> <span class='ocrx_word' id='word_1_187' title='bbox 444 2030 544 2110; x_wconf 88' lang='lat' dir='ltr'><strong>discat,</strong></span> <span class='ocrx_word' id='word_1_188' title='bbox 556 2047 628 2109; x_wconf 90' lang='lat' dir='ltr'><strong>quae</strong></span> <span class='ocrx_word' id='word_1_189' title='bbox 640 2029 713 2089; x_wconf 93' lang='lat' dir='ltr'><strong>male</strong></span> <span class='ocrx_word' id='word_1_190' title='bbox 725 2030 786 2090; x_wconf 90' lang='lat' dir='ltr'><strong>sine</strong></span> <span class='ocrx_word' id='word_1_191' title='bbox 799 2031 924 2090; x_wconf 87' lang='lat' dir='ltr'><strong>moribus</strong></span> <span class='ocrx_word' id='word_1_192' title='bbox 938 2030 1065 2091; x_wconf 90' lang='lat' dir='ltr'><strong>discitur.</strong></span> <span class='ocrx_word' id='word_1_193' title='bbox 1085 2031 1168 2092; x_wconf 86' lang='lat' dir='ltr'><strong>Vale.</strong></span> <span class='ocrx_word' id='word_1_194' title='bbox 1178 2043 1212 2095; x_wconf 78' lang='lat'><strong>20</strong></span> 
     </span>
    </p>
   </div>
   <div class='ocr_carea' id='block_1_3' title="bbox 427 2162 1010 2317">
    <p class='ocr_par' dir='ltr' id='par_1_3' title="bbox 427 2162 1010 2317">
     <span class='ocr_line' id='line_1_22' title="bbox 632 2162 696 2222; baseline 0 0"><span class='ocrx_word' id='word_1_195' title='bbox 632 2162 696 2222; x_wconf 92' lang='lat' dir='ltr'><strong>llll.</strong></span> 
     </span>
     <span class='ocr_line' id='line_1_23' title="bbox 427 2259 1010 2317; baseline -0.005 -4"><span class='ocrx_word' id='word_1_196' title='bbox 427 2262 456 2317; x_wconf 84' lang='lat' dir='ltr'><strong>(i.</strong></span> <span class='ocrx_word' id='word_1_197' title='bbox 475 2259 602 2314; x_wconf 87' lang='lat' dir='ltr'>PLINIUS</span> <span class='ocrx_word' id='word_1_198' title='bbox 620 2260 765 2312; x_wconf 78' lang='lat' dir='ltr'>MACRINO</span> <span class='ocrx_word' id='word_1_199' title='bbox 783 2259 843 2313; x_wconf 88' lang='lat' dir='ltr'><strong>SUO</strong></span> <span class='ocrx_word' id='word_1_200' title='bbox 864 2260 890 2311; x_wconf 89' lang='lat' dir='ltr'><strong>S.</strong></span> <span class='ocrx_word' id='word_1_201' title='bbox 1006 2273 1010 2280; x_wconf 87' lang='lat'><em>·</em></span> 
     </span>
    </p>
   </div>
   <div class='ocr_carea' id='block_1_4' title="bbox 135 2363 1243 3619">
    <p class='ocr_par' dir='ltr' id='par_1_4' title="bbox 135 2363 1243 3619">
     <span class='ocr_line' id='line_1_24' title="bbox 138 2363 1169 2443; baseline -0.001 -17"><span class='ocrx_word' id='word_1_202' title='bbox 138 2381 153 2432; x_wconf 92' lang='lat'>1</span> <span class='ocrx_word' id='word_1_203' title='bbox 226 2366 359 2440; x_wconf 82' lang='lat' dir='ltr'><strong>Quamvis</strong></span> <span class='ocrx_word' id='word_1_204' title='bbox 382 2376 412 2426; x_wconf 93' lang='lat' dir='ltr'><strong>et</strong></span> <span class='ocrx_word' id='word_1_205' title='bbox 433 2366 514 2425; x_wconf 91' lang='lat' dir='ltr'><strong>amici</strong></span> <span class='ocrx_word' id='word_1_206' title='bbox 534 2381 606 2443; x_wconf 88' lang='lat' dir='ltr'><strong>quos</strong></span> <span class='ocrx_word' id='word_1_207' title='bbox 627 2373 795 2442; x_wconf 84' lang='lat' dir='ltr'><strong>praesentes</strong></span> <span class='ocrx_word' id='word_1_208' title='bbox 815 2363 953 2424; x_wconf 88' lang='lat' dir='ltr'><strong>habebam</strong></span> <span class='ocrx_word' id='word_1_209' title='bbox 973 2372 1002 2424; x_wconf 90' lang='lat' dir='ltr'><strong>et</strong></span> <span class='ocrx_word' id='word_1_210' title='bbox 1019 2382 1169 2426; x_wconf 91' lang='lat' dir='ltr'><strong>sermones</strong></span> 
     </span>
     <span class='ocr_line' id='line_1_25' title="bbox 163 2447 1243 2526; baseline 0.001 -18"><span class='ocrx_word' id='word_1_211' title='bbox 163 2449 305 2510; x_wconf 89' lang='lat' dir='ltr'><strong>hominum</strong></span> <span class='ocrx_word' id='word_1_212' title='bbox 324 2448 430 2509; x_wconf 89' lang='lat' dir='ltr'><strong>factum</strong></span> <span class='ocrx_word' id='word_1_213' title='bbox 450 2465 543 2508; x_wconf 89' lang='lat' dir='ltr'><strong>mcum</strong></span> <span class='ocrx_word' id='word_1_214' title='bbox 564 2447 760 2526; x_wconf 91' lang='lat' dir='ltr'><strong>conprobasse</strong></span> <span class='ocrx_word' id='word_1_215' title='bbox 780 2448 944 2526; x_wconf 84' lang='lat' dir='ltr'><strong>videantur,</strong></span> <span class='ocrx_word' id='word_1_216' title='bbox 967 2450 1060 2526; x_wconf 78' lang='lat' dir='ltr'><strong>magni</strong></span> <span class='ocrx_word' id='word_1_217' title='bbox 1074 2458 1208 2516; x_wconf 73' lang='lat' dir='ltr'><strong>tamense</strong></span> <span class='ocrx_word' id='word_1_218' title='bbox 1236 2503 1243 2526; x_wconf 65' lang='grc'>,</span> 
     </span>
     <span class='ocr_line' id='line_1_26' title="bbox 137 2529 1168 2612; baseline -0.003 -15"><span class='ocrx_word' id='word_1_219' title='bbox 137 2535 282 2599; x_wconf 81' lang='lat' dir='ltr'><strong>naesttmo</strong></span> <span class='ocrx_word' id='word_1_220' title='bbox 297 2533 373 2594; x_wconf 89' lang='lat' dir='ltr'><strong>scire</strong></span> <span class='ocrx_word' id='word_1_221' title='bbox 389 2533 456 2612; x_wconf 91' lang='lat' dir='ltr'><strong>quid</strong></span> <span class='ocrx_word' id='word_1_222' title='bbox 470 2533 575 2593; x_wconf 86' lang='lat' dir='ltr'><strong>sentias</strong></span> <span class='ocrx_word' id='word_1_223' title='bbox 590 2539 631 2591; x_wconf 92' lang='lat' dir='ltr'><strong>tu.</strong></span> <span class='ocrx_word' id='word_1_224' title='bbox 661 2529 733 2591; x_wconf 89' lang='lat' dir='ltr'><strong>Nam</strong></span> <span class='ocrx_word' id='word_1_225' title='bbox 750 2533 829 2609; x_wconf 80' lang='lat' dir='ltr'><strong>cuius</strong></span> <span class='ocrx_word' id='word_1_226' title='bbox 844 2533 1001 2610; x_wconf 75' lang='lat' dir='ltr'><strong>integrare</strong></span> <span class='ocrx_word' id='word_1_227' title='bbox 1017 2530 1168 2594; x_wconf 88' lang='lat' dir='ltr'><strong>consilium</strong></span> 
     </span>
     <span class='ocr_line' id='line_1_27' title="bbox 163 2614 1168 2698; baseline -0.001 -20"><span class='ocrx_word' id='word_1_228' title='bbox 163 2619 314 2698; x_wconf 87' lang='lat' dir='ltr'><strong>exquirere</strong></span> <span class='ocrx_word' id='word_1_229' title='bbox 329 2627 491 2696; x_wconf 88' lang='lat' dir='ltr'><strong>optassem,</strong></span> <span class='ocrx_word' id='word_1_230' title='bbox 512 2615 595 2675; x_wconf 88' lang='lat' dir='ltr'><strong>huius</strong></span> <span class='ocrx_word' id='word_1_231' title='bbox 611 2615 696 2674; x_wconf 89' lang='lat' dir='ltr'><strong>etiam</strong></span> <span class='ocrx_word' id='word_1_232' title='bbox 713 2625 829 2695; x_wconf 88' lang='lat' dir='ltr'><strong>peracta</strong></span> <span class='ocrx_word' id='word_1_233' title='bbox 849 2614 981 2676; x_wconf 90' lang='lat' dir='ltr'><strong>iudicium</strong></span> <span class='ocrx_word' id='word_1_234' title='bbox 992 2633 1080 2677; x_wconf 88' lang='lat' dir='ltr'><strong>nosse</strong></span> <span class='ocrx_word' id='word_1_235' title='bbox 1095 2618 1168 2678; x_wconf 89' lang='lat' dir='ltr'><strong>mire</strong></span> 
     </span>
     <span class='ocr_line' id='line_1_28' title="bbox 163 2697 1167 2780; baseline -0.001 -18"><span class='ocrx_word' id='word_1_236' title='bbox 163 2702 350 2780; x_wconf 87' lang='lat' dir='ltr'><strong>concupisco.</strong></span> <span class='ocrx_word' id='word_1_237' title='bbox 381 2697 452 2760; x_wconf 83' lang='lat' dir='ltr'><strong>Gum</strong></span> <span class='ocrx_word' id='word_1_238' title='bbox 473 2698 618 2778; x_wconf 91' lang='lat' dir='ltr'><strong>publicum</strong></span> <span class='ocrx_word' id='word_1_239' title='bbox 633 2716 707 2776; x_wconf 92' lang='lat' dir='ltr'><strong>opus</strong></span> <span class='ocrx_word' id='word_1_240' title='bbox 724 2715 787 2758; x_wconf 89' lang='lat' dir='ltr'><strong>mea</strong></span> <span class='ocrx_word' id='word_1_241' title='bbox 803 2701 924 2778; x_wconf 88' lang='lat' dir='ltr'><strong>pecunia</strong></span> <span class='ocrx_word' id='word_1_242' title='bbox 941 2701 1122 2761; x_wconf 89' lang='lat' dir='ltr'><strong>inchoaturus</strong></span> <span class='ocrx_word' id='word_1_243' title='bbox 1137 2702 1167 2761; x_wconf 91' lang='lat' dir='ltr'><strong>in</strong></span> 
     </span>
     <span class='ocr_line' id='line_1_29' title="bbox 162 2782 1165 2862; baseline 0 -17"><span class='ocrx_word' id='word_1_244' title='bbox 162 2785 272 2847; x_wconf 84' lang='lat' dir='ltr'><strong>Tuscos</strong></span> <span class='ocrx_word' id='word_1_245' title='bbox 281 2785 509 2846; x_wconf 85' lang='lat' dir='ltr'><strong>excucurrissem</strong></span> <span class='ocrx_word' id='word_1_246' title='bbox 520 2791 653 2860; x_wconf 91' lang='lat' dir='ltr'><strong>accepto,</strong></span> <span class='ocrx_word' id='word_1_247' title='bbox 666 2782 868 2862; x_wconf 84' lang='lat' dir='ltr'><strong>utpraeleotus</strong></span> <span class='ocrx_word' id='word_1_248' title='bbox 880 2786 980 2859; x_wconf 88' lang='lat' dir='ltr'><strong>aerari,</strong></span> <span class='ocrx_word' id='word_1_249' title='bbox 994 2787 1165 2862; x_wconf 73' lang='lat' dir='ltr'><strong>commeatu,</strong></span> 
     </span>
     <span class='ocr_line' id='line_1_30' title="bbox 161 2865 1208 2948; baseline 0 -20"><span class='ocrx_word' id='word_1_250' title='bbox 161 2869 248 2947; x_wconf 82' lang='lat' dir='ltr'><strong>legati</strong></span> <span class='ocrx_word' id='word_1_251' title='bbox 269 2869 433 2948; x_wconf 74' lang='lat' dir='ltr'><strong>prouinciae</strong></span> <span class='ocrx_word' id='word_1_252' title='bbox 455 2867 588 2926; x_wconf 82' lang='lat' dir='ltr'><strong>baeticae</strong></span> <span class='ocrx_word' id='word_1_253' title='bbox 615 2868 742 2944; x_wconf 88' lang='lat' dir='ltr'><strong>questuri</strong></span> <span class='ocrx_word' id='word_1_254' title='bbox 768 2867 804 2926; x_wconf 91' lang='lat' dir='ltr'><strong>de</strong></span> <span class='ocrx_word' id='word_1_255' title='bbox 830 2867 1033 2947; x_wconf 90' lang='lat' dir='ltr'><strong>proconsulatu</strong></span> <span class='ocrx_word' id='word_1_256' title='bbox 1054 2865 1208 2929; x_wconf 71' lang='lat' dir='ltr'><strong>Gaecilittt</strong></span> 
     </span>
     <span class='ocr_line' id='line_1_31' title="bbox 138 2948 1166 3032; baseline -0.004 -16"><span class='ocrx_word' id='word_1_257' title='bbox 138 2950 285 3016; x_wconf 83' lang='lat' dir='ltr'><strong>30lassici</strong></span> <span class='ocrx_word' id='word_1_258' title='bbox 308 2951 474 3011; x_wconf 88' lang='lat' dir='ltr'><strong>advocatum</strong></span> <span class='ocrx_word' id='word_1_259' title='bbox 494 2967 539 3010; x_wconf 89' lang='lat' dir='ltr'><strong>me</strong></span> <span class='ocrx_word' id='word_1_260' title='bbox 560 2967 577 3011; x_wconf 90' lang='lat' dir='ltr'><strong>a</strong></span> <span class='ocrx_word' id='word_1_261' title='bbox 596 2961 696 3012; x_wconf 87' lang='lat' dir='ltr'><strong>senatu</strong></span> <span class='ocrx_word' id='word_1_262' title='bbox 715 2952 866 3030; x_wconf 89' lang='lat' dir='ltr'><strong>petierunt.</strong></span> <span class='ocrx_word' id='word_1_263' title='bbox 904 2948 1044 3029; x_wconf 79' lang='lat' dir='ltr'><strong>Collegae</strong></span> <span class='ocrx_word' id='word_1_264' title='bbox 1067 2954 1166 3032; x_wconf 91' lang='lat' dir='ltr'><strong>optimi</strong></span> 
     </span>
     <span class='ocr_line' id='line_1_32' title="bbox 162 3033 1165 3115; baseline 0.001 -21"><span class='ocrx_word' id='word_1_265' title='bbox 162 3038 276 3115; x_wconf 88' lang='lat' dir='ltr'><strong>meique</strong></span> <span class='ocrx_word' id='word_1_266' title='bbox 283 3036 462 3096; x_wconf 85' lang='lat' dir='ltr'><strong>amantissimi</strong></span> <span class='ocrx_word' id='word_1_267' title='bbox 469 3033 504 3096; x_wconf 92' lang='lat' dir='ltr'><strong>de</strong></span> <span class='ocrx_word' id='word_1_268' title='bbox 512 3037 667 3096; x_wconf 90' lang='lat' dir='ltr'><strong>communis</strong></span> <span class='ocrx_word' id='word_1_269' title='bbox 675 3035 762 3096; x_wconf 87' lang='lat' dir='ltr'><strong>olilcii</strong></span> <span class='ocrx_word' id='word_1_270' title='bbox 773 3035 993 3096; x_wconf 89' lang='lat' dir='ltr'><strong>necessitatibus</strong></span> <span class='ocrx_word' id='word_1_271' title='bbox 1005 3034 1165 3115; x_wconf 88' lang='lat' dir='ltr'><strong>praelocuti</strong></span> 
     </span>
     <span class='ocr_line' id='line_1_33' title="bbox 163 3117 1164 3197; baseline 0 -18"><span class='ocrx_word' id='word_1_272' title='bbox 163 3137 301 3181; x_wconf 83' lang='lat' dir='ltr'><strong>excusare</strong></span> <span class='ocrx_word' id='word_1_273' title='bbox 316 3137 362 3179; x_wconf 87' lang='lat' dir='ltr'><strong>me</strong></span> <span class='ocrx_word' id='word_1_274' title='bbox 377 3129 407 3180; x_wconf 89' lang='lat' dir='ltr'><strong>et</strong></span> <span class='ocrx_word' id='word_1_275' title='bbox 423 3121 547 3180; x_wconf 89' lang='lat' dir='ltr'><strong>eximere</strong></span> <span class='ocrx_word' id='word_1_276' title='bbox 562 3127 741 3197; x_wconf 87' lang='lat' dir='ltr'><strong>temptarunt.</strong></span> <span class='ocrx_word' id='word_1_277' title='bbox 774 3117 889 3180; x_wconf 85' lang='lat' dir='ltr'><strong>Factum</strong></span> <span class='ocrx_word' id='word_1_278' title='bbox 906 3126 951 3180; x_wconf 90' lang='lat' dir='ltr'><strong>est</strong></span> <span class='ocrx_word' id='word_1_279' title='bbox 965 3129 1080 3180; x_wconf 90' lang='lat' dir='ltr'><strong>senatus</strong></span> <span class='ocrx_word' id='word_1_280' title='bbox 1095 3136 1164 3180; x_wconf 87' lang='lat' dir='ltr'><strong>con·</strong></span> 
     </span>
     <span class='ocr_line' id='line_1_34' title="bbox 162 3202 1163 3283; baseline 0 -19"><span class='ocrx_word' id='word_1_281' title='bbox 162 3202 267 3264; x_wconf 89' lang='lat' dir='ltr'><strong>sultam</strong></span> <span class='ocrx_word' id='word_1_282' title='bbox 282 3219 418 3283; x_wconf 90' lang='lat' dir='ltr'><strong>perquam</strong></span> <span class='ocrx_word' id='word_1_283' title='bbox 432 3202 628 3282; x_wconf 84' lang='lat' dir='ltr'><strong>honorificum,</strong></span> <span class='ocrx_word' id='word_1_284' title='bbox 643 3211 673 3263; x_wconf 91' lang='lat' dir='ltr'><strong>ut</strong></span> <span class='ocrx_word' id='word_1_285' title='bbox 687 3203 770 3263; x_wconf 87' lang='lat' dir='ltr'><strong>darer</strong></span> <span class='ocrx_word' id='word_1_286' title='bbox 783 3203 1004 3282; x_wconf 84' lang='lat' dir='ltr'><strong>prouincialibus</strong></span> <span class='ocrx_word' id='word_1_287' title='bbox 1016 3213 1163 3282; x_wconf 90' lang='lat' dir='ltr'><strong>patronus,</strong></span> 
     </span>
     <span class='ocr_line' id='line_1_35' title="bbox 135 3285 1204 3366; baseline 0.003 -17"><span class='ocrx_word' id='word_1_288' title='bbox 135 3287 232 3349; x_wconf 75' lang='lat' dir='ltr'><strong>lsiah</strong></span> <span class='ocrx_word' id='word_1_289' title='bbox 252 3287 317 3365; x_wconf 90' lang='lat' dir='ltr'><strong>ipso</strong></span> <span class='ocrx_word' id='word_1_290' title='bbox 334 3305 380 3349; x_wconf 90' lang='lat' dir='ltr'><strong>me</strong></span> <span class='ocrx_word' id='word_1_291' title='bbox 400 3290 610 3366; x_wconf 90' lang='lat' dir='ltr'><strong>impetrassent.</strong></span> <span class='ocrx_word' id='word_1_292' title='bbox 642 3285 741 3364; x_wconf 82' lang='lat' dir='ltr'><strong>hegati</strong></span> <span class='ocrx_word' id='word_1_293' title='bbox 761 3304 858 3346; x_wconf 87' lang='lat' dir='ltr'><strong>rursus</strong></span> <span class='ocrx_word' id='word_1_294' title='bbox 878 3286 983 3348; x_wconf 92' lang='lat' dir='ltr'><strong>inducti</strong></span> <span class='ocrx_word' id='word_1_295' title='bbox 1000 3289 1101 3348; x_wconf 89' lang='lat' dir='ltr'><strong>iterum</strong></span> <span class='ocrx_word' id='word_1_296' title='bbox 1115 3297 1204 3352; x_wconf 68' lang='lat' dir='ltr'><strong>mett</strong></span> 
     </span>
     <span class='ocr_line' id='line_1_36' title="bbox 161 3370 1163 3451; baseline 0 -21"><span class='ocrx_word' id='word_1_297' title='bbox 161 3373 216 3430; x_wconf 91' lang='lat' dir='ltr'><strong>iam</strong></span> <span class='ocrx_word' id='word_1_298' title='bbox 237 3380 418 3451; x_wconf 87' lang='lat' dir='ltr'><strong>praesentem</strong></span> <span class='ocrx_word' id='word_1_299' title='bbox 436 3370 603 3434; x_wconf 88' lang='lat' dir='ltr'><strong>advocatum</strong></span> <span class='ocrx_word' id='word_1_300' title='bbox 625 3370 854 3450; x_wconf 84' lang='lat' dir='ltr'><strong>postulaverunt,</strong></span> <span class='ocrx_word' id='word_1_301' title='bbox 882 3370 1055 3449; x_wconf 91' lang='lat' dir='ltr'><strong>inplorantes</strong></span> <span class='ocrx_word' id='word_1_302' title='bbox 1077 3370 1163 3432; x_wconf 87' lang='lat' dir='ltr'><strong>iidem</strong></span> 
     </span>
     <span class='ocr_line' id='line_1_37' title="bbox 160 3453 1163 3535; baseline 0.001 -22"><span class='ocrx_word' id='word_1_303' title='bbox 160 3471 261 3532; x_wconf 91' lang='lat' dir='ltr'><strong>meam,</strong></span> <span class='ocrx_word' id='word_1_304' title='bbox 278 3473 361 3535; x_wconf 63' lang='lat' dir='ltr'><strong>mam</strong></span> <span class='ocrx_word' id='word_1_305' title='bbox 375 3467 472 3517; x_wconf 87' lang='lat' dir='ltr'><strong>essent</strong></span> <span class='ocrx_word' id='word_1_306' title='bbox 487 3465 585 3517; x_wconf 93' lang='lat' dir='ltr'><strong>contra</strong></span> <span class='ocrx_word' id='word_1_307' title='bbox 599 3453 721 3515; x_wconf 81' lang='lat' dir='ltr'><strong>Massam</strong></span> <span class='ocrx_word' id='word_1_308' title='bbox 734 3454 870 3515; x_wconf 88' lang='lat' dir='ltr'><strong>Baebium</strong></span> <span class='ocrx_word' id='word_1_309' title='bbox 884 3457 1012 3533; x_wconf 86' lang='lat' dir='ltr'><strong>experti,</strong></span> <span class='ocrx_word' id='word_1_310' title='bbox 1028 3453 1163 3532; x_wconf 76' lang='lat' dir='ltr'><strong>adlegan-</strong></span> 
     </span>
     <span class='ocr_line' id='line_1_38' title="bbox 159 3537 1160 3619; baseline -0.001 -20"><span class='ocrx_word' id='word_1_311' title='bbox 159 3547 204 3599; x_wconf 91' lang='lat' dir='ltr'><strong>tes</strong></span> <span class='ocrx_word' id='word_1_312' title='bbox 220 3541 358 3619; x_wconf 91' lang='lat' dir='ltr'><strong>patrocini</strong></span> <span class='ocrx_word' id='word_1_313' title='bbox 377 3539 490 3602; x_wconf 82' lang='lat' dir='ltr'><strong>foedus.</strong></span> <span class='ocrx_word' id='word_1_314' title='bbox 523 3539 627 3600; x_wconf 87' lang='lat' dir='ltr'><strong>Secuta</strong></span> <span class='ocrx_word' id='word_1_315' title='bbox 643 3547 688 3599; x_wconf 91' lang='lat' dir='ltr'><strong>est</strong></span> <span class='ocrx_word' id='word_1_316' title='bbox 708 3548 824 3600; x_wconf 92' lang='lat' dir='ltr'><strong>senatus</strong></span> <span class='ocrx_word' id='word_1_317' title='bbox 841 3538 995 3598; x_wconf 88' lang='lat' dir='ltr'><strong>clarissima</strong></span> <span class='ocrx_word' id='word_1_318' title='bbox 1014 3537 1160 3617; x_wconf 87' lang='lat' dir='ltr'><strong>adsensio,</strong></span> 
     </span>
    </p>
   </div>
   <div class='ocr_carea' id='block_1_5' title="bbox 0 0 1294 3978">
    <p class='ocr_par' dir='ltr' id='par_1_5' title="bbox 0 0 1294 3978">
     <span class='ocr_line' id='line_1_39' title="bbox 0 0 1294 3978; baseline 0 2"><span class='ocrx_word' id='word_1_319' title='bbox 0 0 1294 3978; x_wconf 95' lang='lat' dir='ltr'><strong> </strong></span> 
     </span>
    </p>
   </div>
  </div>
 </body>
</html>
