2580 3970
175 256 238 320 246
578 253 636 315 'C.
659 251 757 315 rutrtt

176 407 269 486 filins,
292 407 354 487 bic,
376 418 406 469 nt
426 408 514 468 irater
526 407 678 468 videretur.
712 406 754 466 Τιι
774 406 915 468 sideribus
929 416 1039 486 patrem
1053 405 1185 484 intulisti,

66 537 69 543 -
176 509 234 554 non
249 491 283 552 ad
298 503 402 554 metum
418 495 536 569 civium,
559 509 615 552 non
636 494 665 552 in
686 490 884 552 contumeliam
898 493 1057 569 numinum,
1081 507 1140 550 non
1156 493 1186 550 in

176 575 315 637 honorem
329 585 423 655 tuum,
442 576 494 637 sed
509 577 573 654 quia
588 575 672 635 deum
686 575 791 636 credis.
817 573 910 635 blinns
923 585 969 636 est
983 575 1057 653 boo,
1074 592 1139 635 cnm
1153 574 1185 634 bt
1269 649 1270 652 Ἴ

178 662 214 722 ab
236 661 270 720 iis
291 662 339 739 qui
354 671 383 722 et
398 678 466 721 sese
482 659 553 720 deos
568 668 675 737 putant.
707 657 766 718 Sed
783 656 853 718 licet
867 657 946 718 illum
959 661 1015 720 aris
1030 657 1183 737 pulvinari·
1269 655 1270 684 ³

178 748 232 806 bns
246 743 357 805 flamine
373 744 469 823 colas,
485 760 542 804 non
557 742 613 802 alio
627 744 717 820 magis
732 751 826 803 tamen
839 741 923 802 deum
940 753 970 803 et
984 743 1060 803 lacis
1072 751 1101 804 et
1114 743 1211 820 pro-5

178 829 228 889 bas
246 847 328 907 quarn
341 828 417 908 quod
432 829 496 906 ipse
509 826 574 888 talis
590 846 633 888 es.
659 824 692 886 ln
708 827 838 906 principe
856 828 929 887 enim
944 829 992 904 qni
1008 824 1105 888 albeto
1117 843 1184 886 sno·

180 929 298 973 cessone
309 911 367 972 lato
380 912 525 972 concessit
539 929 593 970 una
608 909 764 989 eademque
777 910 935 970 certissima
946 909 1098 970 divinitatis
1109 908 1184 970 tides

179 1005 224 1056 est
247 995 338 1056 bonus
359 1012 523 1058 successor.
558 992 631 1054 Num
654 1011 725 1072 ergo
745 995 796 1054 tibi
821 1011 859 1054 ex
879 993 1077 1054 inmortalitate
1093 995 1183 1072 patris

178 1078 284 1158 aliquid
299 1079 481 1158 adrogantiae
496 1074 643 1140 accessit?
664 1096 729 1137 num
743 1077 796 1138 bos
813 1079 959 1156 proximos
973 1077 1119 1138 divinitate
1133 1095 1183 1156 pa·

177 1173 288 1224 rentum
309 1162 424 1225 desides
438 1181 472 1223 ac
487 1162 629 1243 superbos
644 1163 739 1241 potius
755 1180 837 1241 quam
851 1161 917 1223 illos
931 1169 1048 1222 veteres
1067 1163 1223 1222 stanti-1⁰

180 1265 252 1326 quos
263 1244 435 1308 aemuleris?
453 1248 500 1327 qni
514 1248 571 1308 hoc
588 1249 681 1325 ipsum
696 1246 845 1324 imperinm
862 1291 870 1305 .
889 1290 895 1304 .
916 1291 922 1304 .
940 1287 948 1303 .
1271 1308 1272 1324 ἦ

240 1332 320 1392 cuius
340 1330 416 1410 pulsi
436 1330 582 1410 fugatique
602 1348 659 1390 non
677 1328 752 1390 aliud
772 1331 861 1390 maius
875 1328 1033 1390 babebatnr
1044 1327 1180 1389 indicium
1271 1367 1272 1370 =

179 1432 261 1492 quam
270 1415 495 1494 sitriumpharet.
506 1414 585 1494 Ergo
594 1413 766 1476 sustulerant
776 1414 885 1474 animos
893 1423 922 1474 et
933 1416 1030 1491 iugum
1041 1430 1181 1474 excusse·

178 1506 251 1574 rant,
268 1516 324 1557 nec
338 1499 392 1558 iam
406 1499 554 1559 nobiscum
567 1498 603 1559 de
615 1516 665 1558 sna
676 1497 810 1558 libertate
821 1496 874 1558 sed
886 1496 922 1557 de
934 1507 1031 1558 nostra
1041 1498 1181 1558 servitute

180 1580 342 1659 certabant,
358 1599 392 1641 ac
407 1599 444 1641 ne
459 1579 578 1643 indutias
592 1580 705 1660 quidem
716 1582 770 1640 nisi
786 1583 885 1660 aequis
901 1581 1110 1642 conditionibus
1128 1582 1180 1641 ini·
1191 1589 1221 1643 15

129 1661 169 1726 12
180 1666 262 1742 bant,
278 1663 421 1744 legesque
435 1674 465 1726 nt
478 1665 662 1744 acciperent,
680 1664 789 1727 dabant.
812 1665 851 1726 At
865 1673 939 1725 nnnc
954 1664 1037 1726 rediit
1052 1664 1182 1724 omnibus
1272 1642 1273 1728 l

178 1759 271 1810 terror
285 1758 315 1808 et
327 1758 420 1810 metus
435 1758 464 1809 et
478 1757 575 1809 votum
590 1750 725 1827 imperata
745 1748 877 1809 faciendi.
913 1748 1016 1809 Vident
1034 1749 1109 1810 enirn
1124 1747 1181 1807 llo·

178 1831 292 1893 manum¹
309 1831 410 1893 ducem
426 1850 510 1891 unarn
531 1849 568 1892 ex
581 1830 638 1892 illis
654 1832 800 1894 veteribus
815 1841 844 1893 et
860 1833 982 1912 priscis,
1013 1833 1115 1912 quibus
1130 1833 1180 1890 im·

177 1917 349 1995 paratorium
364 1933 466 1977 nomen
481 1913 620 1976 addebant
636 1917 761 1976 contecti
776 1915 912 1978 caedibus
927 1918 1020 1994 campi
1035 1926 1063 1977 et
1074 1915 1181 1976 inlecta

177 2000 304 2061 victoriis
325 2002 420 2062 maria.
451 1999 617 2079 decipimus
638 1999 754 2062 obsides
774 2019 863 2079 ergo,
889 2017 945 2060 non
961 2001 1098 2077 emimus,
1124 1999 1221 2059 necbtl
1273 1976 1274 2032 l

177 2085 341 2161 ingentibus
362 2083 467 2145 damnis
487 2085 679 2163 inmensisque
694 2085 856 2145 muneribus
871 2085 1044 2164 paciscimur
1058 2092 1089 2143 ut
1102 2085 1181 2144 vice·

177 2169 272 2227 rimus.
292 2166 421 2246 Rogant,
440 2167 614 2247 supplicant;
643 2168 792 2245 largimur,
807 2186 961 2246 negamus,
977 2177 1127 2248 utrumque
1144 2185 1180 2228 ex

177 2251 287 2331 imperii
302 2253 465 2313 maiestate:
480 2261 566 2328 agunt
581 2253 684 2330 gratias
700 2253 748 2330 qui
761 2253 987 2331 inpetraverunt;
1003 2269 1058 2311 non
1075 2249 1180 2312 audent

178 2335 258 2412 queri
273 2334 374 2413 quibus
391 2345 524 2412 negatum
539 2344 594 2396 est.
614 2335 660 2395 An
670 2335 806 2414 audeant,
822 2336 869 2415 qni
884 2337 974 2396 sciant
988 2344 1017 2394 te
1029 2334 1179 2396 adsedisse

177 2417 365 2477 ferocissimis
386 2417 501 2496 populis
524 2435 561 2478 eo
577 2421 641 2497 ipso
656 2428 787 2497 tempore
802 2419 879 2498 quod
896 2419 1095 2480 amicissimam
1108 2417 1177 2495 illis,
1187 2423 1218 2475 ut

177 2497 370 2560 difficillimum
385 2501 485 2578 nobis,
502 2517 564 2560 cnm
577 2500 722 2562 Danubius
736 2503 813 2579 ripas
827 2502 896 2580 gelu
906 2505 996 2580 iungit
1007 2502 1180 2581 duratusque

177 2581 271 2660 glacie
288 2584 413 2661 ingentia
428 2593 512 2663 tergo
530 2585 605 2646 bella
621 2594 809 2664 transportat,
832 2604 895 2646 cum
911 2586 990 2646 ferae
1006 2593 1109 2663 gentes
1123 2603 1181 2645 non

178 2665 243 2726 telis
259 2670 349 2745 magis
365 2685 447 2747 quam
462 2687 516 2729 suo
534 2668 632 2749 caelo,
649 2687 701 2730 sao
717 2668 811 2730 sidere
826 2665 985 2730 armantur?
1017 2667 1139 2730 Sedubi
1154 2672 1181 2728 in

104 2767 113 2790 ⁴
177 2751 307 2827 proximo
328 2762 374 2828 tu,
400 2769 458 2813 non
472 2771 557 2816 secus
573 2756 644 2814 acsi
657 2762 778 2814 mutatae
794 2761 953 2832 temporum
969 2755 1051 2813 vices
1067 2761 1179 2829 essent,

175 2833 216 2893 illi
234 2833 348 2913 quidam
362 2834 486 2896 latibulis
501 2839 560 2898 sais
577 2836 666 2897 clausi
681 2837 863 2905 tenebantnr;
878 2846 974 2898 nostra
988 2839 1101 2914 agmina
1114 2851 1179 2916 per·
1188 2845 1219 2899 3⁰

176 2935 291 2977 cursare
308 2919 385 2996 ripas
401 2930 430 2980 et
443 2919 534 2980 aliena
551 2920 722 2998 occasione,
739 2921 763 2980 si
780 2921 976 2998 permitteres,
992 2922 1031 2979 uti
1046 2920 1179 2999 nltroqne

174 2998 297 3060 blemem
312 3018 390 3061 suam
407 3003 533 3063 barbaris
548 3003 654 3064 inferre
668 3003 837 3082 gaudebant.

124 3082 165 3146 1³
240 3081 320 3144 llaec
346 3085 397 3144 tibi
429 3086 504 3165 apud
529 3087 628 3148 hostes
653 3088 812 3148 veneratio.
850 3086 926 3160 Quid
951 3086 1026 3167 apud
1051 3083 1179 3149 milites?

175 3184 258 3244 quarn
273 3166 484 3230 admirationem
499 3169 732 3248 quemadmodum
745 3168 930 3249 conparasti?
948 3187 1010 3230 curn
1027 3181 1124 3232 tecum
1138 3173 1178 3230 in·

175 3247 285 3327 ediam,
308 3261 404 3312 tecum
419 3253 526 3313 ferrent
541 3255 630 3324 sitim;
649 3273 712 3315 cum
725 3256 753 3315 in
767 3254 815 3314 illa
829 3255 1010 3316 meditatione
1026 3254 1218 3334 campestn‘ttt

173 3331 339 3394 militaribus
355 3338 454 3398 turmis
476 3339 685 3416 imperatorium
705 3338 853 3416 pulverem
868 3339 1059 3418 sudoremque
1074 3339 1178 3400 misce-

173 3434 239 3494 res,
263 3417 389 3498 nihilque
412 3422 516 3482 ceteris
537 3423 590 3482 nisi
612 3421 716 3483 robore
736 3439 770 3481 ac
790 3423 960 3501 praestantia
976 3422 1072 3500 dispar
1085 3421 1179 3484 libero

173 3498 264 3562 blarte
279 3519 353 3562 nunc
369 3505 477 3565 eminus
491 3503 548 3566 tela
566 3503 686 3566 librares
699 3521 774 3565 nunc
794 3504 894 3566 librata
914 3507 1099 3586 susciperes,
1122 3506 1178 3566 ala·
