2580 3970
398 238 661 301 enunciamus
681 251 723 302 ιι.
731 249 774 303 ι3.
782 250 824 304 14,
1052 241 1115 305 247

114 411 166 454 cer
177 392 281 453 virtute
296 393 413 454 militum
427 403 456 455 et
471 393 578 471 laetus,
601 395 733 472 quotiens
748 401 801 466 aut
811 392 914 453 cassidi
928 404 993 455 tuae
1005 403 1052 455 aut
1064 395 1116 456 cli·

113 493 172 557 pec
186 479 301 555 pravior
315 479 389 538 ictus
407 476 561 547 incideret;
588 476 734 555 (laudabas
749 479 856 556 quippe
872 477 1027 556 lerientes,
1048 477 1115 540 hcr-

113 561 276 640 tabarisqne
290 569 320 620 ut
335 561 487 639 auderent,
504 571 534 621 et
548 560 689 622 audebant
702 561 771 639 iarn)
784 578 847 621 cum
858 570 1005 640 spectator
1017 560 1116 622 mode·

114 653 247 723 faturque
269 647 422 705 ineuntium
440 646 591 706 certamina
604 647 728 705 virorum
742 662 816 704 arma
832 661 1031 724 conponeres,
1058 645 1116 706 tela

86 736 285 806 atemptares,
307 745 341 789 ac
357 731 381 791 si
397 728 473 808 quod
487 728 583 788 durius
597 728 748 807 accipienti
762 728 922 806 videretur,
945 729 1008 807 ipse
1022 728 1114 789 vibra·

112 829 171 872 res.
200 810 274 885 Quid
290 829 353 872 cnm
370 812 505 874 solacium
519 813 624 890 lassis,
640 814 734 890 aegris
750 828 836 891 opem
849 808 963 873 ferres?
985 810 1050 873 Non
1064 813 1115 872 tibi

111 896 198 956 moris
223 903 270 954 tua
289 897 360 958 inire
382 897 519 996 tentoria,
545 897 599 957 nisi
621 895 842 956 commilitonum
862 905 926 958 ante
947 895 1113 974 lustrasses,

111 995 167 1038 nec
181 980 309 1058 requiem
328 982 443 1059 corpori
458 981 511 1041 nisi
533 989 599 1058 post
616 997 715 1041 omnes
729 979 807 1039 dare
841 978 901 1040 llac
914 979 981 1040 mibi
998 979 1114 1040 admira·

111 1061 190 1122 tione
206 1062 329 1140 diqnus'
321 1074 474 1163 imperator
483 1081 540 1124 non
552 1063 712 1142 rideretur,
728 1065 753 1122 si
766 1064 840 1123 iuter
849 1063 995 1124 Fabricios
1011 1072 1040 1124 et
1052 1063 1114 1123 Sci·

111 1229 163 1289 dor
177 1247 349 1309 semperque
363 1229 463 1291 melior
478 1231 579 1310 aliquis
597 1231 780 1294 accenderet.
802 1229 954 1310 Postquam
968 1248 1039 1290 vero
1056 1240 1112 1291 stu·

110 1312 186 1373 dium
204 1330 344 1374 armomm
363 1332 380 1375 a
398 1315 525 1376 manibus
546 1314 582 1375 ad
602 1315 721 1392 oculos,
746 1313 784 1374 ad
795 1313 969 1393 voluptatem
982 1331 998 1374 a
1013 1313 1112 1374 labore

110 1395 272 1458 translatum
287 1405 346 1467 est:
368 1408 519 1478 postquam
541 1398 791 1459 exercitationibus
811 1399 916 1458 nostris
931 1415 987 1458 uon
1001 1407 1111 1458 vetera·

110 1481 342 1560 uorum-aliquis,
360 1483 406 1542 cui
418 1481 507 1543 decus
518 1481 631 1543 muralis
642 1491 690 1544 aut
701 1481 808 1560 civica,
826 1481 877 1542 sed
885 1479 1041 1542 Graeculus
1055 1499 1112 1540 ma·

66 1575 101 1627 15
112 1565 202 1642 gister
221 1564 345 1626 adsistit:
372 1583 454 1644 ιιιιιι
473 1583 603 1643 magnum
623 1575 684 1644 est,
710 1583 793 1624 unum
813 1583 851 1625 ex
871 1565 999 1628 omnibus
1020 1567 1111 1645 patrio

111 1665 208 1727 more,
226 1651 314 1727 patria
328 1650 432 1710 virtute
447 1648 559 1728 laetari,
573 1659 602 1710 et
616 1651 677 1710 sine
693 1647 821 1748 aemulo,
838 1650 898 1710 sine
916 1649 1049 1729 exemplo
1065 1667 1111 1710 se·

112 1747 175 1790 oum
192 1741 320 1810 comare,
341 1751 440 1794 secum
455 1693 647 1809 conteddere,
672 1751 706 1793 ac
721 1734 795 1794 sicut
811 1735 930 1812 imperat
944 1732 1040 1812 solus,
1063 1749 1111 1793 sc·

110 1813 189 1874 lum
181 1825 219 1875 ita
239 1834 306 1876 esse
323 1819 369 1895 qui
385 1816 487 1878 debeat
501 1817 659 1896 imperare!
702 1815 767 1876 Non
780 1816 950 1878 incunabula
964 1816 1035 1877 baec
1048 1816 1109 1894 tibi,
1122 1817 1168 1882 14.

111 1895 233 1976 Caesar,
251 1909 280 1960 et
295 1899 466 1977 rudimenta,
484 1919 547 1960 oum
562 1918 634 1979 puer
647 1900 796 1960 admodum
807 1899 937 1961 Parthica
951 1899 1031 1961 lauro
1045 1899 1109 1978 glo

64 1982 178 2044 auriam
192 1985 280 2061 patris
301 2001 423 2061 augeres
443 2000 603 2063 nomenque
624 1982 809 2044 Germanici
801 2002 855 2045 ram
874 1993 932 2043 tum
952 2001 1110 2062 mererere,

110 2081 174 2126 cum
187 2065 324 2126 ferociam
345 2069 565 2147 superbiamque
586 2067 767 2128 barbarorum
787 2085 825 2127 ex
847 2069 977 2146 proximo
1001 2067 1110 2127 auditus

107 2165 209 2226 magno
230 2160 341 2211 terrore
362 2151 530 2228 cohiberes,
556 2149 743 2229 Rhenumque
765 2159 794 2210 et
808 2149 972 2230 Euphraten
994 2151 1110 2212 admira·

106 2233 192 2294 tionis
215 2243 280 2295 tuae
301 2236 439 2295 societate
462 2231 673 2312 coniungeres?
701 2253 764 2294 cum
786 2234 885 2294 orbem
903 2243 1040 2294 terrarum
1053 2252 1110 2296 uon

107 2315 229 2396 pedibus
250 2320 340 2394 magis
361 2335 443 2398 quam
463 2317 592 2378 laudibus
611 2335 797 2398 peragraras,
825 2317 906 2396 apud
924 2334 975 2378 eos
996 2335 1111 2397 semper

63 2401 197 2466 semnion
211 2409 240 2461 et
255 2400 357 2462 clarior
372 2403 473 2482 quibus
488 2412 591 2482 postea
608 2398 803 2480 contigissesi
830 2401 868 2462 ldt
882 2401 1004 2462 necdum
1020 2403 1110 2480 impe·

106 2493 201 2562 rator,
216 2484 337 2544 necdum
353 2485 398 2546 dei
414 2485 486 2547 blius
502 2505 576 2547 eras.
600 2485 775 2548 Germaniam
788 2484 1030 2564 Hispaniamque
1047 2503 1110 2544 cum

106 2565 244 2646 plurimae
259 2578 363 2645 gentes
376 2587 411 2630 uc
425 2587 518 2649 prope
528 2569 634 2630 infinita
643 2571 760 2630 vastitas
775 2570 967 2630 interiacentis
982 2568 1037 2630 scli
1053 2578 1110 2629 tum

106 2649 286 2729 Pyrenaeus,
301 2651 410 2731 Alpes,
426 2655 602 2732 inmensique
617 2652 663 2714 alli
677 2661 806 2729 montes,
827 2653 937 2713 nisibis
953 2669 1110 2731 conparen-

107 2743 168 2812 tur,
190 2737 314 2796 muniunt
329 2736 526 2816 dirimuntque.
560 2735 615 2797 Per
633 2735 689 2796 hoc
705 2753 787 2795 omne
803 2737 923 2814 spatium
940 2753 1004 2795 cum
1017 2735 1108 2813 legio·

61 2834 98 2888 30
107 2836 160 2878 nes
175 2817 295 2879 duceres
312 2837 363 2880 seu
377 2821 474 2899 potius
487 2821 577 2899 (tanta
592 2818 733 2880 velocitas
747 2825 821 2897 erat)
838 2838 973 2898 raperes,
988 2837 1044 2880 non
1058 2838 1109 2879 ve·

107 2899 232 2961 hionium
245 2921 392 3003 umquam,
406 2921 463 2963 non
480 2921 584 2983 equum
597 2903 760 2982 respexisti
790 2901 874 2964 Levis
889 2902 953 2980 hic,
971 2921 1028 2964 non
1042 2903 1109 2964 sub-

107 2985 331 3047 sidiumitineris
346 2987 399 3048 sed
415 2986 531 3088 decus,
547 2997 576 3048 et
597 3005 661 3048 cunr
682 2988 794 3048 ceteris
807 2947 1050 3066 subsequebatur,
1078 2997 1109 3047 ut

108 3070 188 3130 cuius
202 3069 296 3131 nullus
312 3069 362 3131 tibi
377 3087 461 3148 usus,
478 3073 531 3132 nisi
546 3071 670 3131 cumdio
685 3072 850 3131 stativomm
861 3073 1018 3150 proximum
1034 3088 1108 3132 cam·

106 3169 174 3230 pum
191 3153 334 3215 alacritate
350 3149 480 3216 discursu
494 3153 613 3233 pulvere
628 3153 785 3216 attolleres.
813 3155 924 3215 Initium
938 3154 1043 3215 laboris
1057 3157 1108 3214 mi-

60 3243 96 3298 36
105 3255 155 3296 rer
167 3255 202 3297 an
213 3235 322 3298 linem?
341 3236 459 3298 llultum
474 3248 520 3299 est
533 3237 609 3318 quod
621 3241 831 3317 perseverasti,
848 3238 913 3316 plus
925 3248 1018 3298 tamen
1032 3237 1108 3317 quod

105 3338 161 3380 non
176 3321 291 3396 timuisti
306 3339 342 3381 ne
358 3339 546 3401 perseverare
564 3339 621 3382 non
636 3339 750 3400 posses.
778 3321 841 3383 Nec
864 3322 961 3383 dubito
976 3323 1043 3400 quin
1057 3319 1108 3382 ille

105 3406 198 3482 quite
214 3406 288 3466 inter
306 3405 354 3465 illa
369 3403 534 3470 Germaniae
550 3403 626 3467 bella
644 3407 680 3466 ab
694 3406 826 3486 Hispania
842 3425 934 3486 nsque
948 3415 979 3467 ut
993 3405 1108 3466 validis-

103 3489 204 3547 simum
224 3489 396 3566 praesidinm
417 3491 578 3569 exciverat,
608 3492 685 3550 iners
706 3493 769 3570 ipse
786 3489 943 3570 alienisque
958 3489 1110 3550 virtutibus
