2604 3972
192 234 254 299 190
613 231 764 296 6126161

192 406 271 485 κας,
291 375 553 485 Ἀριστογειτον,
577 376 755 466 μᾶλλονὸ’
781 377 971 530 ἀνρρηκας
969 377 1065 456 ὅλως.
1089 376 1134 464 μὴ
1153 375 1198 465 66

191 461 278 551 πρὸς
289 457 350 542 069
369 460 471 542 αὐτὸς
488 467 612 570 ἔχωσας
635 465 771 549 λιμένας
788 489 831 530 κα
861 461 1049 568 προβόλων
1059 457 1197 567 ἐνέπλη-

192 567 267 653 σας,
290 546 374 631 πρὸς
390 546 532 625 τούτους
538 544 702 651 ὁρμίζου,
725 563 754 614 et
769 552 878 614 dixerat
894 542 1051 650 τούτρι(λ’Ι
1069 542 1198 652 οὐθένα

191 628 262 717 ὁρῶ
272 636 341 696 τοῖν
352 627 466 697 τόπων
484 627 614 698 τούτων
627 627 803 717 βόσιμον”
785 655 882 716 οντα,
895 614 990 698 ἀλλὰ
992 626 1102 697 πόντα
1114 627 1197 735 ρἰπό·

160 727 162 732 ’
190 739 333 802 κρημνα,
346 711 531 820 φάραγγας,
544 712 711 819 βάραθρα.
731 719 769 782 Et
783 679 921 800 deinn6ps
936 716 1073 820 δέδοικα
1084 739 1127 819 μη
1117 711 1196 780 66·
1185 735 1227 788 -5

191 801 268 903 ξητέ
282 815 349 865 τισι
365 797 425 865 τὸν
441 795 493 864 ἀεὶ
510 795 722 884 βουλόμενον
740 795 825 866 εἶναι
843 796 995 904 πονηρόν
1012 803 1081 864 τῶν
1099 793 1137 864 ἒν
1154 803 1198 884 τῇ

191 879 287 949 πόλει
298 884 544 985 66660666666,
562 906 619 949 nen
639 890 707 950 satis
729 879 863 950 0666
779 907 888 990 γαρ
906 880 986 961 τούς
1003 878 1197 967 προγόνους

169 961 444 1077 Ἱὑπολαρβοίνοι
442 961 483 1032 τὰ
506 933 702 1072 δικαστήρια
729 972 834 1033 ταῦτα
858 979 940 1052 υμλν
963 968 1195 1067 οἰκοδομῆσαι,

190 1053 246 1117 ἵνα
257 1073 337 1126 τους
347 1044 522 1128 τοιούτους
534 1045 573 1116 ἐν
584 1046 698 1127 αὐτοῖς
709 1049 904 1155 μοσχεύητε,
916 1055 952 1116 ad
966 1055 1024 1117 λιοο
1040 1053 1071 1115 εί
1086 1049 1123 1114 66
1137 1045 1195 1114 κό-

191 1129 327 1218 πηλός’
314 1153 383 1200 εστι
402 1139 528 1219 πονηρί
526 1160 564 1213 ας
513 1133 636 1200 ίκαλ
652 1131 903 1220 παλιγκάπηλος
918 1133 974 1200 καὶ
990 1129 1195 1237 μεταβολεύς
1206 1147 1243 1200 10

191 1233 221 1284 et
233 1222 312 1283 mille
326 1221 402 1300 talia,
416 1230 447 1282 ut
459 1232 637 1302 praeteream
651 1241 724 1303 quae
739 1223 774 1284 ab
789 1223 937 1286 Aeschine
951 1215 1120 1301 θαύματα,
1136 1238 1196 1281 nou

152 1320 183 1373 10
191 1299 319 1389 ῥηματα
340 1268 486 1368 vo6autur
519 1306 550 1367 iu
569 1309 737 1369 eontrarium
757 1307 859 1368 ineidi:
881 1308 962 1368 dines
982 1305 1059 1365 hune
1079 1321 1196 1383 quoque

192 1391 230 1451 ob
247 1393 302 1453 istu
319 1389 435 1468 culpari.
467 1390 525 1450 Sed
540 1390 605 1451 vide
627 1399 731 1469 quanto
746 1393 835 1451 maior
857 1393 895 1453 sit
911 1392 958 1469 qui
975 1387 1197 1488 reprehenditur

190 1475 254 1552 ipso
275 1472 520 1572 reprehendente,
547 1484 576 1534 et
592 1477 680 1534 maior
700 1474 736 1536 ob
751 1474 832 1535 haee.
866 1474 898 1535 In
912 1473 976 1536 aliis
990 1475 1065 1533 enim
1080 1473 1139 1549 vis,
1167 1473 1196 1531 in
1291 1519 1292 1538 2

149 1556 235 1621 llhis
250 1555 435 1634 granditas'
409 1575 470 1618 erus
486 1556 592 1617 elueet.
610 1557 684 1617 Num
697 1567 791 1619 autem
804 1556 991 1620 Αεειλιλιιοι·
983 1575 1047 1656 rpse
1061 1555 1106 1616 his
1121 1571 1196 1634 quae
1206 1558 1241 1610 15

191 1642 219 1701 in
235 1639 431 1736 Demosthene
451 1640 600 1738 carpebat
600 1638 756 1739 abstipuiti
782 1639 835 1702 δεῖ
849 1632 913 1721 γὰρ
931 1630 1033 1702 ταύτό
1052 1637 1196 1739 φθέγγε-
1291 1665 1292 1714 f

191 1727 273 1785 σθαι
285 1716 345 1784 τὸν
344 1714 481 1826 ρῄτορα
498 1715 600 1784 καὶ
566 1743 627 1784 τον
637 1716 760 1825 νόμον
779 1716 862 1786 όταν
875 1719 938 1786 66‘
924 1719 1040 1804 ετέραν
1052 1715 1114 1802 μὲν
1127 1741 1196 1802 φφ·
1291 1749 1292 1778 ;

191 1799 257 1906 υὴν
274 1799 358 1889 ἀφιφ
375 1827 393 1869 ο
413 1801 517 1886 νόμος
535 1801 651 1906 ἑτέραν
669 1800 742 1869 660
762 1800 883 1889 ῥήτωρ.
911 1807 978 1869 Alio
998 1807 1067 1868 λοοο
1083 1803 1197 1867 ἔπειτα

192 1882 412 1990 ἀναφαίνεται
429 1910 470 1953 πε
493 1882 691 1953 λπόντων’
677 1911 716 1952 εν
731 1892 778 1975 τό
795 1891 895 1992 φ.ωτί
914 1891 1021 1989 iterprn
1039 1888 1096 1950 alio
1117 1880 1193 1950 ἀλλ’
1291 1885 1292 1934 5

192 1965 418 2078 ἐγκαθήμενοι
436 1909 802 2075 666'666608601166966
810 1975 859 2073 τῇ
877 1967 1036 2055 ἀκροάσει
1049 1966 1196 2034 είσελαύ-
1205 1979 1243 2034 20

191 2078 266 2121 νετε
281 2078 387 2120 αντον
398 2057 444 2132 είς
456 2051 517 2120 τού
547 2050 763 2160 παρανόμους
778 2052 909 2138 λόγους.
940 2058 1025 2134 Quod
1041 2057 1115 2119 adeo
1129 2073 1196 2155 prp-

149 2144 313 2208 labantur
327 2152 440 2243 repetat
454 2134 515 2204 όιλλ
549 2134 662 2244 φσπερ
681 2133 719 2205 ἐν
732 2150 803 2216 ταῖς
819 2140 1054 2241 ἱπποδρομίαις
1072 2139 1118 2214 είς
1134 2131 1197 2202 τόν

191 2228 254 2289 τού
271 2219 463 2307 πράγματος
479 2217 724 2326 αότόνδρόμον
738 2217 957 2289 είσελαύνετε.
985 2223 1104 2287 lamilla
1118 2240 1196 2284 eom·
1247 2289 1254 2294 ,

191 2310 302 2378 modius
318 2312 506 2391 pressiusque
528 2302 571 2407 σύ
590 2305 627 2371 66
645 2300 886 2408 ἑλκοποιεῖς,“
866 2330 886 2389 η
906 2299 1174 2390 συλλαβόντες’
1151 2327 1198 2380 υς
1291 2331 1292 2376 t

194 2384 320 2472 λῃστὴν
338 2394 407 2453 τῶν
425 2387 629 2472 πραγμάτων
647 2384 702 2454 6a6
719 2394 778 2472 τῆς
794 2394 960 2467 πολιτείας
978 2389 1137 2471 πλέοντα,
1164 2400 1292 2458 et25

151 2485 184 2540 13
192 2474 267 2536 ahai
281 2476 416 2554 Expecto
430 2485 461 2536 nt
475 2476 612 2575 quaedam
621 2494 659 2537 ex
667 2475 720 2536 hae
732 2477 864 2594 epistula,
879 2487 910 2539 ut
921 2476 992 2538 illud
1003 2476 1195 2555 gubernacu-

191 2560 219 2621 la
232 2568 361 2638 gemunt’
384 2569 414 2621 et
434 2559 490 2620 (λλε
504 2561 772 2640 manisprnximus',
793 2560 885 2621 isdem
898 2563 973 2623 notis
990 2561 1094 2641 quibus
1110 2576 1145 2619 ea
1160 2558 1198 2619 de
1291 2603 1292 2626 ι

190 2644 413 2809 ιλλῑλιλι
423 2643 1198 2808 t13252t2⁶,„t¹¹56633666:326666
1291 2725 1292 2804 ς

191 2813 251 2874 dias
256 2812 349 2892 lieet,
376 2812 442 2872 dum
460 2813 611 2873 modoiam
623 2830 698 2873 nune
714 2811 840 2874 destines
863 2811 938 2873 diem
957 2828 1014 2892 quo
1036 2820 1066 2872 et
1086 2810 1123 2870 de
1138 2808 1292 2882 illis30

192 2905 222 2956 et
243 2887 280 2956 de
299 2897 344 2956 his
366 2914 461 2956 eoram
475 2898 593 2972 exigere
615 2897 768 2976 possimus
799 2896 858 2957 Aut
876 2898 951 2956 eninr
964 2905 995 2957 tu
1009 2913 1055 2956 me
1070 2893 1197 2954 timiduun

191 2987 239 3039 aut
255 2995 311 3056 ego
326 2989 357 3040 te
373 2981 552 3040 temerarium
566 2979 677 3040 faniam.
708 2978 789 3040 Vale.

634 3111 750 3173 xxvlt.

463 3211 490 3262 ο.
508 3211 632 3264 aurnuns
649 3212 800 3264 anuuaun
819 3212 878 3264 εοο
896 3213 923 3268 ε.

168 3326 183 3378 1
253 3314 362 3389 Quanta
377 3324 516 3395 potestas,
537 3325 639 3396 quanta
656 3315 793 3394 dignitas,
815 3327 918 3396 quanta
937 3319 1086 3394 maiestas,
1110 3333 1198 3396 quan·
1291 3323 1292 3392 λ

191 3409 250 3460 turn
261 3399 383 3480 denique
397 3417 500 3460 numen
513 3401 550 3460 sit
563 3400 698 3461 historiae
715 3416 779 3460 eum
798 3399 964 3481 frequenter
978 3399 1047 3463 alias
1058 3410 1117 3461 tunr
1129 3416 1198 3478 pro·
1291 3395 1292 3402 '

190 3486 266 3544 xime
282 3485 369 3545 sensi.
396 3483 577 3545 Recitaverat
592 3483 704 3566 quidam
718 3485 896 3546 verissimum
910 3484 1012 3545 librum
1027 3493 1197 3565 partemque
