2584 3972
185 278 228 342 90
612 277 645 338 G.
665 275 762 338 PblNl

187 429 350 491 comoedias
367 428 449 490 audio
464 439 494 490 et
508 439 612 509 speoto
626 430 725 490 mimos
743 438 772 491 et
786 429 893 505 lprioos
908 429 977 506 lego
993 438 1023 490 et
1037 428 1189 493 Sotadicos

186 513 340 591 intellego;
355 512 504 592 aliquando
516 523 664 592 praeterea
678 511 774 591 rideo,
789 515 888 590 iooor,
903 512 982 591 ludo,
997 523 1084 592 utque
1096 517 1190 576 omnia

186 598 317 658 innoxiae
339 597 514 658 remissionis
536 614 642 674 genera
663 596 789 657 breviter
811 596 984 676 amplootar,
1010 597 1199 684 Qlffl-

163 679 251 746 3Neo
270 697 342 742 vero
362 678 485 741 moleste
505 679 569 741 fero
589 679 662 740 buno
679 698 749 742 esse
768 680 943 742 demonibus
957 683 1029 742 meis
1045 681 1189 742 existina-

187 766 310 842 tionem,
330 772 361 823 nt
377 766 424 843 qui
444 765 577 824 neseiunt
589 762 655 823 talia
672 762 853 826 doetissimos
867 764 1053 841 gravissimos
1068 767 1213 826 sanetis-5

162 850 274 912 trimos
288 847 417 908 bomines
435 849 613 926 scriptitasse
628 863 674 906 me
691 848 820 908 seribere
834 849 977 908 mirentur.
1002 847 1049 908 Ab
1065 845 1123 910 illis
1140 866 1189 909 an·

188 940 245 992 tem
260 931 362 1009 quibus
379 939 475 991 notum
495 940 540 992 est
555 946 627 1008 quos
644 939 823 1010 quantosque
835 937 968 993 auetores
986 947 1090 1009 sequar
1102 932 1189 993 faoile

187 1015 331 1093 impetrari
341 1030 430 1093 posse
446 1013 558 1075 oonlido
571 1023 602 1074 nt
616 1031 710 1074 enare
725 1031 782 1092 me,
796 1013 849 1075 sed
862 1031 927 1074 oum
940 1012 997 1075 illis
1013 1016 1104 1075 sinant
1118 1033 1189 1095 quo·

185 1115 248 1157 rum
267 1115 324 1158 non
343 1099 417 1158 seria
439 1097 523 1158 modo
543 1115 642 1159 verum
663 1098 746 1159 etiam
766 1097 846 1160 lusus
867 1099 1027 1176 exprimere
1046 1096 1188 1160 laudabile

160 1189 241 1244 sest.
262 1181 310 1241 An
323 1198 380 1259 ego
394 1197 496 1242 verear
511 1183 667 1262 (neminem
680 1183 850 1260 viventium,
863 1200 900 1242 ne
916 1199 998 1259 quam
1013 1184 1042 1242 in
1058 1185 1230 1260 speeiemlo

187 1262 353 1326 adulationis
368 1265 506 1343 incidam,
527 1263 691 1343 nominabo)
706 1265 759 1327 sed
776 1283 832 1344 ego
846 1281 949 1326 verear
960 1283 998 1325 ne
1013 1283 1059 1325 me
1073 1283 1131 1326 non
1144 1285 1189 1328 sa·

187 1350 224 1409 tis
239 1347 341 1410 dooeat
356 1349 432 1428 quod
452 1349 549 1410 denuit
564 1347 603 1414 ll.
619 1347 751 1426 Tullium,
767 1345 801 1422 G,
811 1346 941 1426 Caluum,
952 1347 1081 1409 Asinium
1095 1348 1188 1410 Polio

186 1448 262 1507 nem,
277 1430 316 1490 Μ.
331 1431 506 1509 Messallam,
522 1431 557 1505 Q.
574 1431 766 1510 Hortensium,
777 1431 817 1491 Μ.
828 1431 954 1509 Brutum,
968 1430 998 1491 L.
1016 1430 1134 1510 Sullam,
1151 1432 1187 1506 Q.

188 1511 328 1590 Catulum,
347 1513 383 1586 Q.
398 1511 584 1592 Scaevolam,
603 1515 733 1576 Servium
749 1515 922 1594 Sulpicium,
936 1513 1102 1593 Varronem,
1116 1515 1188 1576 'lor-

188 1605 319 1674 quatum,
344 1599 427 1656 immo
443 1595 618 1676 Torquatos,
638 1594 670 1657 G.
686 1597 862 1676 llemmium,
882 1597 1047 1676 Lentulum,
1064 1597 1229 1660 Gaetuli-15

188 1697 262 1757 oum,
277 1678 424 1762 Annaeum
434 1680 589 1764 §fldfflms
604 1679 757 1760 lucanum,
774 1692 803 1742 et
817 1684 946 1761 proxime
960 1681 1188 1760 Verginiumllu-

187 1763 256 1841 ium,
271 1772 302 1823 et
316 1765 341 1824 si
355 1780 412 1824 non
429 1763 572 1824 suffioiunt
587 1763 718 1843 exempla
728 1767 847 1844 privata,
862 1765 957 1826 divum
967 1764 1078 1844 lulium,
1093 1765 1188 1827 dirum
1278 1803 1279 1816 .

161 1845 363 1925 ddugustum,
388 1847 481 1907 divum
508 1847 648 1925 Nervam,
675 1847 818 1909 Tiberium
840 1846 1013 1911 Gaesarem?
1043 1847 1188 1911 Neronem

107 1975 133 2007 a,
186 1931 261 1990 enim
276 1938 408 2008 transeo,
432 1932 558 2009 quamvis
580 1932 667 1992 seiam
688 1949 745 1992 non
766 1934 909 2010 eorrumpi
930 1934 957 1992 in
974 1931 1099 1994 deterius
1114 1951 1188 2012 quae

164 2013 335 2092 *aliqnando
357 2015 441 2075 etiam
460 2013 591 2093 amalis,
612 2014 664 2075 sed
683 2015 805 2076 honesta
826 2033 940 2076 manere
955 2033 1027 2092 quae
1041 2019 1157 2095 saepius
1172 2027 1230 2081 abo

184 2097 267 2158 bonis
283 2098 359 2158 fiunt.
394 2098 472 2159 lnter
485 2115 559 2178 quos
575 2097 623 2159 vel
638 2100 793 2178 praecipue
807 2098 994 2160 numerandus
1010 2109 1055 2160 est
1069 2099 1099 2160 P.
1114 2098 1187 2160 Ver-

185 2180 282 2259 gilius,
299 2179 452 2243 Cornelius
466 2182 583 2262 Nepos,
599 2191 630 2243 et
643 2185 721 2261 prius
734 2182 830 2244 Attius
841 2180 1017 2262 Enniusqne.
1046 2181 1111 2243 Non
1126 2187 1188 2263 qni·

185 2264 250 2324 dem
264 2264 293 2324 bi
313 2273 479 2343 senatores,
498 2265 561 2336 ¹sed
580 2268 714 2328 sanctitas
736 2283 844 2326 morum
862 2283 919 2327 non
933 2266 1017 2326 distat
1032 2266 1186 2329 ordinibus.

160 2344 289 2411 tReoito
304 2356 415 2425 tamen,
431 2349 508 2425 quod
522 2347 563 2406 illi
576 2366 613 2408 an
626 2349 749 2408 iecerint
763 2351 872 2410 neseio.
897 2348 1004 2410 Etiam:
1023 2348 1076 2412 sed
1089 2349 1131 2410 illi
1145 2353 1187 2411 iu·

185 2428 261 2489 dioio
285 2446 338 2490 suo
358 2439 490 2507 poterant
511 2447 579 2491 esse
601 2434 744 2508 contenti,
765 2432 832 2492 mibi
852 2432 1009 2495 modestior
1028 2437 1231 2500 constantia25
1276 2503 1277 2512 ,

161 2521 232 2578 sest
253 2530 335 2591 quam
355 2522 386 2573 ut
406 2515 475 2574 satis
490 2512 649 2574 absolutum
663 2523 760 2592 putem
776 2516 852 2595 quod
867 2535 884 2577 a
899 2534 945 2576 mo
956 2515 1105 2596 probetur.
1131 2517 1189 2578 lta·
1276 2525 1277 2574 t

185 2613 241 2674 que
256 2595 306 2656 bas
322 2596 458 2659 recitandi
474 2614 574 2658 causas
588 2615 712 2678 sequor,
728 2600 862 2678 primum,
879 2600 957 2678 quod
970 2601 1034 2680 ipse
1049 2603 1097 2680 qui
1112 2604 1188 2662 reei·
1228 2665 1235 2676 ,
1276 2579 1277 2655 l

183 2688 224 2741 tat
240 2679 382 2759 aliquanto
396 2681 490 2742 aerius
502 2682 616 2759 seriptis
631 2684 690 2744 suis
705 2681 862 2744 auditorum
882 2686 1042 2746 reverentia
1056 2683 1187 2763 intendit,

184 2764 304 2841 deinde,
327 2764 404 2842 quod
418 2764 455 2826 de
470 2765 571 2844 quibus
586 2765 693 2826 dubitat
708 2767 788 2844 quasi
803 2785 840 2826 ex
854 2766 966 2828 oonsilii
979 2770 1119 2829 sententia
1130 2778 1189 2829 sta·

160 2847 245 2911 9tuit.
278 2845 366 2908 llulta
383 2849 466 2908 etiam
488 2867 504 2908 a
520 2847 614 2908 multis
631 2848 812 2927 admonetur,
835 2860 865 2911 et
880 2852 906 2912 si
919 2866 976 2910 non
990 2849 1186 2931 admoneatur,
1196 2865 1233 2920 ao

184 2929 251 3009 quid
267 2931 388 3009 quisque
403 2932 506 2992 sentiat
521 2933 660 3009 perspicit
675 2950 711 2993 ex
726 2932 806 2994 vultu
827 2931 918 2995 oeulis
932 2944 1001 2995 nutu
1014 2951 1096 2994 mann
1110 2952 1188 2994 mnr-
1275 2939 1276 3005 l

183 3030 263 3073 mure
279 3011 406 3083 silentio;
429 3030 502 3092 quae
524 3016 594 3074 satis
606 3016 713 3094 apertis
725 3018 801 3078 notis
815 3017 948 3077 indicium
961 3018 997 3077 ab
1015 3016 1188 3082 humanitate

141 3095 358 3160 lodisoemnnt.
386 3097 482 3174 Atque
503 3097 592 3174 adeo,
620 3100 645 3158 si
667 3100 712 3159 oui
731 3099 806 3161 forte
821 3117 918 3161 eornm
934 3103 981 3180 qui
998 3101 1188 3163 interfuerunt

182 3198 268 3242 nume
283 3179 369 3240 fuerit
383 3178 483 3242 eadem
492 3180 542 3243 illa
551 3181 663 3260 legere,
678 3182 828 3263 intelleget
839 3202 885 3246 me
896 3184 1034 3264 quaedam
1047 3194 1095 3246 aut
1107 3203 1187 3246 oom·
1274 3251 1275 3254 ,

182 3273 308 3326 mutasse
319 3273 367 3325 aut
377 3267 567 3344 praeterisse,
580 3266 702 3328 fortasse
715 3269 799 3330 etiam
810 3285 847 3328 ex
858 3286 912 3329 suo
922 3267 1044 3346 iudieio,
1058 3272 1230 3348 quamnsae
1274 3267 1275 3353 l

141 3355 174 3408 11
184 3347 247 3423 ipse
259 3346 327 3407 nibil
337 3348 438 3408 dixerit
448 3349 524 3410 mihi.
540 3347 634 3430 Atque
644 3350 717 3412 baeo
728 3353 767 3412 ita
778 3350 904 3431 disputo,
917 3353 998 3429 qnasi
1009 3351 1147 3431 populum
1158 3355 1189 3414 in

182 3429 365 3507 auditorium,
384 3447 441 3490 non
457 3433 485 3491 in
502 3433 665 3494 enbionlum
682 3436 790 3494 amieos
806 3434 982 3512 edvooarim,
1001 3451 1075 3512 quos
1085 3434 1187 3514 plnres

182 3510 290 3574 babere
304 3513 399 3575 multis
413 3514 586 3596 gloriosum,
600 3517 816 3595 reprehensioni
830 3518 934 3603 nemini
948 3517 1009 3578 init.
1038 3515 1120 3579 Vale.
