2584 3972
177 281 219 343 92
603 276 636 340 G.
656 276 753 339 Phllll

178 433 217 493 dit
233 431 320 492 multo
334 441 399 492 ante
416 432 585 510 praesensit.
615 431 701 492 Visus
721 438 766 491 est
783 427 905 505 sibi·per
923 436 1087 488 nocturnam
1101 425 1185 505 quie·

177 527 235 578 tem
249 517 345 576 iacere
362 519 390 576 in
404 515 513 576 lectulo
528 533 580 576 suc
598 515 773 593 compositus
788 513 816 571 in
837 510 933 571 habitu
954 510 1109 586 studentis,
1132 507 1185 568 ha·

178 602 249 660 berc
266 608 331 660 ante
353 619 386 660 se
407 595 541 660 scrinium
561 599 616 678 (ita
635 596 777 675 solebat):
800 612 868 655 mox
888 596 1052 672 imaginatus
1068 601 1115 654 ost
1130 611 1183 652 vc-

177 686 256 744 nisso
272 679 433 760 Neronem,
447 683 476 741 in
491 691 555 742 toro
570 681 733 759 resedisse,
752 679 929 759 prompsisse
943 679 1062 758 primum
1078 675 1184 736 librum

178 785 263 848 quem
275 767 310 826 de
328 764 488 827 sceleribus
503 767 564 826 eius
580 764 707 825 ediderat
721 781 843 842 eumque
863 760 898 823 ad
915 769 1071 822 extremum
1084 758 1209 826 revol-f,

152 852 268 928 livisse,
281 848 356 909 idem
372 851 401 909 in
416 848 544 910 secundo
558 867 593 910 ao
606 850 691 908 tertio
707 846 826 925 iecisse,
842 854 910 906 tunc
924 846 1031 906 abisse.
1058 843 1184 923 Expavit

179 943 209 996 et
220 935 262 995 sic
278 933 478 1012 interpretatus
493 942 555 1010 cst,
575 941 715 1012 tamquam
728 930 804 991 idem
821 931 875 991 sibi
891 929 1002 991 iuturus
1015 937 1096 989 essct
1111 929 1183 988 scri·

153 1015 265 1080 ibendi
281 1018 344 1077 finis
360 1018 408 1094 qui
422 1017 524 1077 luisset
539 1015 581 1076 illi
595 1015 729 1094 legendi,
752 1024 782 1076 et
796 1014 849 1075 iuit
863 1013 946 1073 idem.
975 1011 1059 1086 Quod
1072 1029 1120 1072 me
1136 1029 1183 1071 re·

180 1101 342 1161 condentem
363 1101 505 1162 miseratio
527 1099 602 1161 subit
624 1107 756 1178 quantum
770 1097 939 1176 vigiliarum,
956 1105 1088 1176 quantuni
1102 1094 1184 1154 labo·

177 1187 217 1245 ris
232 1184 396 1245 exhauserit
412 1184 526 1246 frustra.
555 1183 713 1245 Occursant
726 1184 818 1242 auimo
837 1199 900 1242 mea
920 1179 1092 1257 mortalitas,
1119 1185 1184 1240 mea
1192 1192 1227 1244 1⁰

178 1269 294 1347 scripta.
326 1266 390 1328 Nec
404 1267 501 1331 dubito
517 1265 546 1328 te
563 1285 678 1346 quoquc
696 1265 796 1328 eadem
816 1267 989 1344 cogitatione
1006 1264 1109 1324 terreri
1128 1280 1184 1342 pro

153 1353 240 1414 distis
266 1370 338 1430 quae
364 1354 437 1412 inter
461 1370 558 1412 manus
583 1351 681 1412 habes.
712 1349 850 1428 Proinde,
879 1349 943 1408 dum
965 1348 1092 1428 suppetit
1112 1349 1182 1424 vita,

180 1437 317 1494 enitamur
330 1445 361 1495 ut
377 1453 453 1497 mors
469 1453 551 1514 quam
571 1436 741 1516 paucissima
761 1451 834 1511 quae
852 1433 970 1494 abolere
990 1432 1083 1512 possit
1103 1432 1182 1492 inve·

179 1518 244 1577 niat.
273 1516 356 1577 Vale.

655 1648 695 1709 VI
1192 1607 1227 1662 15

269 1737 316 1782 Ἃ
347 1747 374 1800 G.
394 1747 519 1799 PLINIUS
537 1747 673 1800 DOMITIO
690 1749 887 1800 APOLLINARI
905 1747 965 1800 SUO
985 1747 1011 1799 S.

136 1861 137 1864 ’
156 1860 170 1910 1
240 1848 340 1908 Amavi
356 1866 451 1909 euram
465 1858 495 1909 et
513 1848 733 1912 sollicitudinem
747 1860 839 1928 tuam,
863 1851 955 1929 quod,
978 1869 1041 1911 cum
1052 1848 1183 1912 audisses

180 1930 226 1993 ‘rac
238 1941 348 1994 aestate
365 1931 476 1994 Tuscos
492 1951 573 1994 meos
590 1935 758 2012 petiturum,
775 1953 811 1994 ne
827 1934 953 1994 iacerem
968 1935 1099 2012 suasisti,
1115 1933 1183 1993 dum

152 2025 259 2095 iputas
278 2015 448 2079 insalubres.
475 2016 529 2078 Est
549 2035 618 2078 saue
639 2018 733 2094 gravis
758 2026 787 2077 et
802 2018 942 2096 pestilens
957 2035 1006 2078 cra
1022 2016 1228 2079 'l'usccrumbd

181 2118 253 2181 quac
273 2100 412 2180 perlitus
434 2101 607 2164 extenditur:
632 2101 685 2162 sed
705 2100 734 2160 hi
748 2100 850 2181 procul
871 2102 970 2161 amari
983 2111 1182 2180 recesserunt,

153 2187 246 2263 tquin
263 2179 347 2244 ctiam
360 2185 549 2265 Appennino,
570 2184 755 2246 saluberrimo
768 2186 918 2262 montium,
934 2185 1090 2246 subiacent.
1123 2185 1183 2246 Ad·

181 2285 236 2346 que
247 2267 320 2328 adeo
337 2276 367 2327 ut
379 2285 490 2328 omnem
507 2285 560 2347 pro
581 2286 627 2328 me
642 2277 746 2328 metum
761 2286 869 2347 ponas,
891 2270 992 2349 accipe
1012 2270 1184 2347 temperiem

181 2348 271 2424 caeli,
291 2351 418 2426 regionis
433 2353 533 2428 situm,
556 2350 640 2410 villae
655 2354 868 2422 amoenitatem
888 2370 962 2431 quae
977 2362 1006 2414 et
1019 2354 1071 2413 tibi
1086 2352 1183 2414 auditu

154 2440 209 2493 tet
223 2431 290 2490 mihi
304 2431 396 2492 relatu
407 2432 527 2493 iucunda
537 2440 627 2494 erunt.
650 2430 768 2494 Gaelum
783 2446 828 2497 est
842 2436 935 2497 hicme
946 2436 1078 2514 frigidum
1088 2446 1118 2498 et
1129 2437 1227 2515 gebo

180 2513 283 2582 lidum;
305 2523 413 2590 myrtos
431 2514 528 2594 oleas,
552 2534 682 2596 quaeque
702 2517 756 2578 alia
776 2519 894 2582 adsiduo
915 2529 1017 2599 tepore
1031 2519 1183 2598 laetantur,

179 2607 345 2676 aspernatur
359 2616 394 2659 ac
413 2601 539 2678 respuit;
560 2599 669 2660 laurum
684 2611 777 2662 tamen
797 2607 901 2683 patitur
914 2613 1000 2684 atque
1017 2605 1102 2664 ctiam
1119 2606 1184 2665 niti·

180 2681 322 2743 dissimam
338 2682 465 2762 profert,
487 2683 644 2764 interdum,
668 2685 722 2747 sed
741 2703 798 2747 non
818 2688 932 2766 saepius
948 2705 1030 2768 quam
1044 2687 1184 2749 suburbe

153 2777 274 2829 tnostra
293 2776 387 2828 necat.
413 2767 539 2830 Aestatis
554 2770 623 2829 mina
640 2769 804 2830 clementia:
821 2787 938 2849 semper
952 2779 1003 2832 adr
1017 2773 1118 2850 spiritu
1131 2771 1184 2832 ali·

179 2868 235 2928 quc
257 2859 401 2920 movetur;
429 2851 607 2930 frequentius
627 2860 721 2913 tamen
742 2871 823 2914 auras
850 2872 933 2933 quam
957 2864 1060 2915 ventos
1084 2854 1228 2920 habedic

153 2931 251 2996 ollinc
272 2951 358 2994 senes
378 2933 472 2994 multi:
495 2934 595 2998 videas
614 2953 684 2997 avos
699 2954 881 3017 proavosque
895 2938 949 2998 iam
963 2939 1112 3016 iuvenum,
1133 2956 1184 3000 an·

178 3014 843 3100 diasiabulasveteressermonesquemaiorum,
859 3038 981 3101 cumque
992 3023 1107 3083 veneris
1118 3021 1184 3101 illo,

152 3107 168 3164 7
176 3109 261 3178 putes
275 3099 331 3160 alio
347 3108 376 3160 te
391 3101 509 3162 sacculo
523 3112 626 3164 natum.
647 3103 786 3181 Regionis
797 3104 887 3165 iorma
897 3104 1097 3185 pulcherrima.
1110 3103 1184 3167 lma·

177 3185 276 3262 ginare
291 3183 525 3264 amphitheatrum
541 3186 657 3266 aliquod
671 3189 828 3250 immensum
846 3198 876 3250 et
897 3188 982 3268 quale
1003 3189 1066 3250 sola
1086 3205 1185 3250 rerum

178 3277 276 3328 natura
292 3270 386 3347 possit
405 3268 560 3348 effingere:
580 3270 636 3332 lata
658 3280 688 3332 et
702 3272 803 3334 diffusa
816 3272 949 3352 planities
963 3274 1106 3335 montibus
1122 3275 1225 3338 cin-35

178 3353 270 3428 gitur,
286 3361 398 3413 montes
414 3369 521 3414 summa
535 3355 578 3415 sui
594 3364 675 3432 parte
690 3372 810 3435 procera
824 3373 940 3416 nemora
954 3366 984 3417 et
1004 3351 1118 3435 antiqua
1132 3357 1183 3418 ha·

152 3435 255 3496 8bcnt.
273 3431 422 3512 Frequens
436 3434 474 3495 ibi
489 3444 519 3496 et
533 3439 609 3497 varia
624 3441 746 3498 venatio.
781 3437 851 3499 lude
868 3439 993 3500 caeduae
1008 3439 1100 3501 silvae
1116 3459 1184 3500 cum

178 3518 243 3596 ipso
266 3526 362 3578 monte
383 3517 575 3580 descendunt:
601 3519 653 3582 has
670 3523 744 3582 iuter
764 3523 886 3600 pinques
906 3524 1070 3602 terrenique
1085 3522 1183 3584 eolles
