2580 3978
402 264 665 326 EPISTULARUM
677 264 728 325 111.
751 276 777 330 6.
1053 268 1095 344 49

105 416 133 478 iu
144 417 238 480 itinere
255 419 334 497 quusi
349 416 458 480 solutus
470 417 576 478 ceteris
592 420 667 480 curis
682 417 748 478 huic
763 420 809 483 uni
823 419 955 488 vuoehet:
970 418 1006 480 ed
1019 419 1093 492 latus
1103 436 1135 488 15

102 504 215 576 rotenus
229 519 293 562 cum
304 502 377 578 libro
393 510 422 565 et
434 500 639 582 pugillaribus,
662 503 742 564 cuius
752 520 853 579 monus
868 502 962 563 hieme
976 506 1093 568 muniois

100 585 294 664 muniebantur,
311 595 342 646 ut
351 603 388 646 ne
400 584 473 651 eecli
486 584 601 664 quidem
611 588 749 666 asperitas
764 586 850 659 ullum
865 585 965 648 studiis
980 597 1093 668 ternpus

102 670 230 747 euoenon
255 687 310 749 utre
331 688 369 744 ex
389 686 475 748 oense
495 669 603 737 Romae
624 687 739 749 quoque
760 669 831 739 selle
848 671 1013 748 vehebatur.
1036 671 1136 740 lie-16

80 761 162 831 npetu
180 771 226 828 nse
246 762 410 838 correptum
428 753 465 832 etr
486 768 522 823 eo
546 770 597 829 our
614 753 802 831 annularem:
835 759 976 834 ‘peteres'
997 754 1094 835 inquid

101 836 157 902 ‘hus
169 836 253 912 tiores
266 854 324 900 uon
335 837 471 917 perdere’
481 860 487 906 ;
499 855 565 916 nem
577 839 673 917 perire
686 855 769 898 omne
780 847 893 916 tenpus
908 838 1094 917 erbinsbutur

100 919 168 998 qnod
186 921 287 996 studiis
307 939 364 994 uon
382 919 593 1000 inpenderetur.
625 920 685 992 Hac
705 923 860 986 intentione
882 932 924 983 tot
943 924 998 986 iste
1012 923 1135 989 volu-17
1229 945 1232 953 ·

99 1005 163 1068 uine
188 1007 303 1084 peregit
329 1003 545 1083 electorumque
567 1008 783 1071 commentarios
809 1016 922 1088 centum
946 1009 1095 1087 sexaginte

99 1087 157 1147 nihi
170 1087 300 1168 reliquit,
320 1089 562 1168 opisthographos
576 1088 689 1167 quidem
703 1099 733 1150 et
746 1091 932 1154 minutissime
952 1092 1093 1171 scriptun

68 1181 148 1250 loque
160 1176 267 1236 ratione
282 1171 693 1252 multipliceturhicnumerus.
715 1171 872 1251 Referebat
885 1176 949 1254 ipse
964 1177 1095 1256 potuisse

100 1275 142 1333 se,
164 1275 226 1334 cum
249 1265 418 1335 procurreret
437 1259 466 1316 in
485 1255 636 1336 Hispania,
661 1255 787 1321 vendere
805 1257 860 1325 hos
877 1262 1094 1321 commentarios

99 1337 190 1417 hogio
202 1340 301 1402 Licino
313 1340 524 1420 quadringentis
535 1339 647 1402 milibus
661 1359 813 1419 nummum,
827 1351 856 1402 et
871 1351 938 1417 tunc
950 1342 1093 1422 eliquanto

99 1426 240 1501 pauciores
252 1434 341 1501 eruut.
358 1421 460 1487 Nonne
471 1423 584 1498 videtnu
595 1425 645 1484 tibi
658 1425 819 1489 recordanti
832 1436 965 1506 quonum
977 1425 1093 1506 legerit,
1103 1438 1137 1493 18

100 1517 222 1584 quantum
235 1509 404 1587 scripserit,
424 1527 484 1568 nee
495 1510 524 1568 in
542 1507 644 1584 oiiieiis
659 1508 725 1574 ullis
739 1528 794 1573 neo
808 1512 837 1575 in
852 1512 974 1588 amicitie
987 1513 1093 1590 priuci-

68 1593 137 1668 15pis
150 1592 256 1670 inisse,
275 1610 393 1671 numne,
415 1609 479 1671 curn
498 1591 579 1672 endis
599 1593 666 1672 quid
685 1593 785 1657 studiis
802 1593 908 1668 labens
921 1593 1093 1676 inpenderit,

100 1693 147 1735 nee
160 1677 314 1756 scripsisse
330 1678 399 1746 setis
413 1693 469 1754 uec
482 1674 613 1756 legisse?
639 1676 712 1754 Quid
732 1688 778 1740 est
795 1679 870 1740 enim
885 1679 962 1757 quod
975 1695 1032 1740 nou
1047 1688 1095 1740 eut

100 1757 156 1820 illue
177 1762 385 1840 occupationes
404 1761 534 1840 inpedire
551 1770 598 1824 eut
612 1761 685 1824 hoec
705 1764 835 1825 instantia
848 1781 905 1824 non
924 1765 1017 1842 possit
1032 1763 1094 1824 effi·

100 1841 180 1904 cere?
199 1844 301 1924 Itaque
315 1842 399 1906 soleo
413 1844 525 1922 ridere,
541 1863 605 1904 cum
619 1864 665 1906 rue
682 1847 795 1925 quidem
810 1847 966 1908 studiosum
977 1856 1093 1926 vocant,
1104 1855 1137 1909 19

100 1928 151 2006 qui,
166 1931 190 1988 si
203 1945 355 2009 comparer
367 1927 421 2007 illi,
436 1947 498 1990 sum
512 1927 762 1991 desidiosissimos.
791 1930 856 2008 Ego
868 1939 962 1991 eutem
976 1939 1094 2010 tontum,

66 2019 175 2088 munem
188 2015 291 2093 purtim
305 2011 420 2092 publice
433 2014 534 2093 partim
548 2015 701 2074 amicorum
718 2014 813 2074 officie
824 2013 1013 2092 distringunt?
1031 2017 1095 2095 quis

99 2111 132 2164 eu
148 2096 208 2163 istis
229 2099 279 2177 qui
300 2105 360 2171 tote
379 2098 436 2170 vite
456 2096 560 2159 litteris
579 2097 710 2159 adsident
732 2096 853 2158 collatus
873 2097 916 2158 illi
936 2116 993 2159 non
1014 2101 1094 2176 qnasi

98 2195 188 2252 senno
201 2191 232 2254 et
245 2182 366 2244 uernae
383 2179 495 2242 deditus
509 2177 681 2243 eruhescat?
703 2179 827 2252 Extendi
841 2179 1006 2261 epistulam,
1031 2199 1094 2245 eum
1103 2190 1136 2244 20

98 2260 148 2322 hoo
160 2265 253 2340 selune
270 2264 348 2344 quod
358 2266 527 2344 requirebas
541 2265 671 2329 scribere
685 2264 889 2344 destinassem,
912 2282 985 2345 quos
1006 2265 1095 2326 libros

99 2345 272 2428 roienses:
299 2347 411 2426 confido
432 2357 525 2414 temen
544 2348 617 2412 haec
635 2366 750 2428 quoque
769 2349 819 2410 tibi
839 2368 895 2422 non
908 2351 1001 2412 miuus
1016 2359 1095 2430 mnu

66 2431 92 2484 ii
101 2447 177 2507 quous
190 2436 272 2512 ipsos
287 2431 375 2506 libros
389 2433 492 2510 future,
508 2451 581 2511 quee
592 2443 622 2494 te
637 2450 694 2509 non
706 2443 815 2510 tentum
830 2434 865 2503 ed
880 2432 1021 2513 legendos
1043 2452 1096 2496 eos

100 2531 188 2590 terum
201 2519 288 2582 etiem
301 2517 336 2583 ed
350 2516 443 2590 sinniie
463 2515 568 2595 aliquid
583 2517 782 2594 elaborandum
796 2515 918 2597 possunt
932 2519 1095 2592 aemulatio-

99 2599 136 2660 nis
149 2600 270 2674 stirrulis
286 2603 422 2672 excitare.
445 2599 526 2676 Vade.

573 2733 612 2796 Vl
987 2712 1052 2822 od

66 2854 94 2910 ³0
316 2831 825 2888 o.onrnrussnnrossvnnosoo
843 2830 870 2886 s,

154 2933 200 3010 En
218 2935 378 3007 hereditate
393 2955 466 3016 quse
481 2937 550 3003 nihi
565 2937 682 2998 obvenit
700 2937 755 3009 emi
769 2937 900 3016 proxime
921 2934 1118 3002 Corinthiuml

101 3017 215 3098 signum,
230 3021 371 3096 medicum
385 3019 500 3100 qudem
511 3021 565 3083 sed
577 3020 711 3082 festivum
725 3030 755 3081 et
769 3038 948 3100 expressum,
964 3030 1097 3099 quantum

101 3116 152 3177 oso
166 3105 263 3184 sepio,
279 3107 326 3185 qui
338 3105 463 3180 ,fortasse
478 3106 593 3167 inomni
607 3124 657 3183 re,
678 3106 707 3167 in
722 3104 776 3166 heo
790 3113 871 3166 certe
885 3121 1022 3184 perquem
1038 3105 1097 3164 exi-

100 3201 180 3260 guum
203 3190 298 3268 sepio:
323 3189 381 3262 hoc
402 3199 496 3264 tanuen
518 3191 630 3267 signum
649 3206 706 3267 ego
728 3206 843 3269 quoquo
864 3187 1012 3266 intellego.
1044 3186 1123 3253 lietu

68 3271 170 3330 dionius
183 3271 287 3334 nudum
301 3293 356 3336 nec
372 3283 420 3334 eut
433 3274 516 3350 vitia,
532 3275 557 3336 si
572 3292 627 3352 que
642 3281 718 3351 suut,
734 3273 811 3334 celet
825 3281 872 3335 eut
885 3271 984 3333 leudes
999 3289 1097 3350 parum

103 3363 233 3417 ostentet:
255 3356 364 3436 effingit
379 3375 477 3428 senens
492 3366 626 3427 stantem
648 3375 724 3434 osse,
740 3356 871 3434 musculi,
888 3358 978 3434 nervi,
993 3375 1095 3433 venae,

103 3452 184 3514 rogeo
202 3442 284 3512 etienr
298 3451 328 3505 ut
343 3442 474 3522 spirantis
488 3450 636 3520 apperens,
651 3443 706 3512 resi
723 3451 753 3502 et
768 3441 905 3504 cedentes
919 3439 1025 3520 capilii,
1042 3439 1098 3500 luto

105 3517 188 3663 ftvgu,
203 3534 346 3668 oogtraote
362 3527 463 3602 iacies,
483 3527 559 3586 exile
575 3525 691 3605 collum,
706 3525 832 3605 pendent
847 3524 958 3624 lacerti,
974 3522 1095 3602 pupillae

160 3627 210 3666 nunu
254 3632 278 3669 r.
913 3620 933 3666 4
