2604 3972
169 263 231 328 218
468 260 501 323 U.
523 261 620 323 PLINI
641 259 690 322 ET
712 259 869 322 TRAIANI

170 417 263 477 donec
283 424 312 476 te
334 413 516 476 consulerem
538 414 574 476 de
599 431 637 476 eo
659 413 735 493 quod
757 412 824 474 mihi
844 413 1045 475 constitutione
1066 421 1114 472 tua
1135 413 1178 473 di·

169 499 431 645 pppppopidehatur.
468 496 510 558 Ea
531 516 603 577 quue
625 507 689 559 sunt
709 497 848 578 utrimque
869 498 987 558 recitata
1006 497 1050 626 his
1071 495 1177 558 litteris
1281 589 1282 660 ,

273 731 432 786 EPISTOLA
449 732 618 784 DOMITIANI
633 734 679 784 AD
700 730 888 784 TERENTIUM
904 730 1070 782 MAXIMUM.
1186 760 1205 812 5

145 849 162 902 5
233 834 347 896 Marius
368 834 531 914 ArchIppus
549 832 739 914 philosophus
761 833 911 913 Inpetravit
933 849 950 894 a
968 848 1015 892 me
1030 841 1061 892 nt
1075 849 1176 909 agrum

171 921 199 981 ei
212 917 264 980 DS
281 920 356 980 clrca
371 917 548 996 Prusiadem,
567 919 685 998 patriam
698 935 786 995 snam,
803 920 858 977 emi
871 916 1016 991 iuberem,
1033 917 1114 976 cuius
1128 933 1176 976 re·

172 1004 230 1065 ditu
251 1021 319 1064 suos
334 1001 414 1063 olere
432 1011 543 1081 posset.
576 1000 661 1075 Quod
676 1002 704 1063 ei
719 1003 855 1078 praestari
868 999 952 1062 volo:
973 1015 1109 1061 summam
1122 1017 1174 1060 ex·

171 1104 288 1165 pensam
302 1084 462 1148 liberalitati
476 1103 557 1146 meae
571 1085 659 1146 feres.

382 1237 524 1290 EIUSDEM
543 1239 588 1288 AD
605 1238 635 1289 L.
654 1237 775 1289 APPIUM
793 1235 961 1290 MAXIMUM.

145 1355 163 1411 6
234 1339 410 1418 Archippum
423 1338 636 1418 philosophum
651 1337 756 1398 honum
768 1339 859 1397 virum
871 1345 901 1398 et
913 1335 1088 1415 professi0ni
1104 1352 1174 1396 suae
1281 1391 1282 1400 t

172 1424 255 1483 etiam
280 1423 404 1483 moribus
425 1421 664 1501 respondentem,
693 1420 917 1482 commendatum
941 1419 1047 1481 habeas
1073 1416 1172 1495 uelim,
1281 1423 1282 1470 3

170 1507 208 1565 mi
218 1504 350 1583 MaxIme,
366 1514 397 1567 et
406 1505 520 1584 plenam
532 1507 559 1566 ei
571 1505 769 1566 humanitatem
782 1515 857 1566 tuam
869 1513 1001 1585 praestes
1012 1504 1041 1563 in
1052 1503 1087 1564 iis
1099 1520 1172 1580 quae
1281 1525 1282 1558 t

170 1588 334 1650 verecunde
348 1606 365 1649 a
379 1597 408 1648 te
423 1588 637 1650 desideraverit.
1183 1594 1216 1646 15

393 1782 395 1788 ,
478 1739 623 1792 nurerum
640 1741 709 1792 nun
725 1701 876 1792 suavus(

146 1857 162 1912 7
233 1838 378 1913 Quaedam
400 1841 463 1901 sine
487 1839 591 1919 dubio,
621 1840 761 1919 Quintae,
788 1843 850 1921 ipsa
872 1840 994 1902 felicitas
1014 1849 1175 1918 temporum

172 1923 276 2002 edicit,
300 1942 357 1985 nec
376 1922 550 2003 spectandus
569 1933 615 1985 est
635 1927 663 1984 in
676 1925 711 1984 iis
725 1925 817 1986 bonne
831 1926 966 2005 priuceps
982 1924 1084 2004 quihus
1097 1921 1174 1982 Illum
1281 1979 1282 1988 ,

64 2065 67 2068 ,
170 2007 301 2087 intellegi
315 2010 383 2070 satis
398 2017 454 2086 est,
471 2025 534 2068 cum
549 2006 606 2069 hoc
620 2009 675 2069 sihi
690 2009 791 2069 ciuium
805 2025 932 2070 meomm
948 2008 1092 2086 spondere
1105 2015 1214 2086 pos-ho
1281 2053 1282 2080 ,

173 2092 272 2154 situel
287 2108 344 2153 non
360 2093 500 2153 admonita
515 2095 677 2170 persuasio,
691 2108 736 2152 me
752 2093 934 2153 securitatem
948 2093 1070 2152 omnium
1086 2091 1175 2169 quieti
1281 2093 1282 2102 ’

171 2193 252 2236 meae
272 2175 461 2255 praetuIIsse,
481 2185 512 2236 ut
529 2186 559 2237 et
579 2193 654 2236 nova
669 2176 807 2236 heneficIa
822 2175 982 2236 conferrem
1001 2185 1030 2236 et
1044 2183 1110 2235 ante
1128 2192 1175 2234 me

145 2271 313 2325 8concessa
334 2277 489 2320 servarem.
518 2256 564 2318 Ne
585 2269 678 2320 tamen
697 2258 818 2339 adquam
833 2259 941 2338 gaudiis
955 2259 1079 2339 puhlicis
1096 2257 1175 2318 adie-

171 2352 213 2402 rat
233 2343 449 2402 haesitationem
470 2341 518 2401 vel
540 2359 638 2403 eorum
660 2343 708 2422 qui
728 2345 940 2422 inpetraverunt
960 2342 1114 2404 diffidentia
1127 2340 1175 2401 vel
1281 2391 1282 2414 ,

20 2491 58 2504 W
173 2427 234 2486 eins
254 2427 389 2484 memoria
414 2425 462 2503 qui
489 2427 645 2500 praestitit,
672 2429 865 2486 necessarium
886 2429 990 2505 pariter
1010 2423 1119 2486 credidi
1140 2433 1215 2486 achi
1281 2417 1282 2462 ³

146 2508 277 2574 elaetum
292 2507 403 2568 obviam
418 2506 610 2570 dubitantibus
624 2507 826 2586 Indulgentiam
840 2527 932 2570 meam
944 2511 1068 2571 mittere.
1098 2507 1174 2568 Nolo
1281 2517 1282 2572 l

172 2593 316 2653 existimet
336 2592 499 2671 quisquam,
523 2592 600 2669 quod
618 2592 675 2653 alio
699 2594 830 2672 prInoIpe
848 2593 897 2653 rel
911 2595 1040 2671 privatim
1059 2591 1108 2651 vel
1124 2608 1175 2670 pu·
1281 2583 1282 2670 l

171 2675 247 2737 blico
266 2685 440 2738 consecutus
454 2677 504 2752 sit,
519 2676 585 2737 ideo
600 2675 702 2738 saltem
714 2695 731 2736 a
744 2695 791 2738 me
802 2676 940 2756 rescindi,
955 2686 987 2737 ut
1000 2677 1097 2756 potius
1109 2675 1176 2735 mihi
1281 2699 1282 2792 p

172 2758 283 2821 deheat.
318 2759 380 2822 Sint
399 2770 459 2821 rata
480 2770 510 2821 et
530 2760 625 2837 certa,
652 2779 707 2822 neo
733 2760 884 2839 gratulatio
905 2761 990 2821 ullius
1014 2760 1176 2822 Instauratis
1281 2801 1282 2862 ,

172 2853 258 2921 egeat
278 2845 415 2922 precihus
433 2861 518 2923 quem
538 2844 650 2905 senuna
672 2845 782 2924 imperii
804 2843 883 2906 vultu
897 2845 1017 2906 meliore
1033 2844 1215 2922 respexitho

171 2926 218 2987 Me
238 2929 321 2987 noris
342 2927 489 2988 beneficiis
508 2945 611 2988 vacare
631 2929 772 3006 patiantur
790 2939 820 2990 et
840 2947 875 2990 ea
892 2929 1003 2989 demum
1024 2929 1115 2989 sciant
1128 2944 1175 2987 ro·
1281 2965 1282 3000 t

172 3009 262 3089 ganda
276 3028 343 3070 esse
357 3027 431 3087 quae
445 3027 502 3069 non
520 3010 635 3072 hahent.
1281 3011 1282 3048 ³

330 3158 485 3213 EPISTULA
501 3159 643 3212 EIUSDEM
661 3163 706 3214 AD
725 3161 867 3214 TULLIUM
883 3160 1011 3216 IUSTUM·

20 3275 21 3326 ἶ
132 3273 165 3326 10
236 3256 308 3319 cam
326 3277 421 3320 rerum
444 3261 566 3321 omnium
589 3261 726 3322 ordInatio
746 3277 819 3339 quae
840 3261 984 3340 prlorihus
997 3258 1214 3340 temporibuset

172 3343 321 3405 inchoatae
349 3355 559 3406 consummatae
585 3354 650 3405 sunt
675 3343 852 3406 observanda
879 3347 931 3422 sit,
958 3354 1018 3405 tum
1043 3341 1175 3422 epistulis

172 3431 255 3490 etiam
270 3428 420 3490 Domitiani
435 3428 563 3490 standum
579 3437 634 3490 eet.
