2580 3978
408 267 670 330 EPISTULARUM
684 269 720 329 11.
741 282 782 332 11.
1053 265 1089 337 31

109 423 240 484 onmamm
253 423 453 502 peritissimus,
470 422 591 501 quodam
607 421 686 482 velut
697 431 785 482 vento
799 422 988 483 miserationis
1003 423 1094 502 inple·

106 509 148 567 vit.
165 505 262 584 llagna
276 508 431 583 contentio,
446 508 540 584 magni
554 507 694 584 utrimque
710 505 861 582 clamores,
876 503 938 565 aliis
955 510 1119 584 cognitio-4

105 608 161 650 nam
174 599 286 652 senatus
306 591 373 668 lege
394 589 557 650 conclusam
572 589 634 650 aliis
649 589 767 650 libemm
782 588 959 667 solutamque
976 588 1101 663 dicent,-

105 675 161 753 bns,
178 684 365 754 quantumque
381 673 542 735 admisisset
556 691 623 735 reus
638 682 743 734 tantum
758 671 963 733 vindicandum.
990 671 1118 738 Novis-5

86 760 165 818 ssime
185 758 283 819 consul
304 758 468 835 designatus
490 756 578 818 lulius
598 756 711 835 Ferox,
738 759 782 816 vir
800 765 898 818 rectus
918 765 947 817 et
964 767 1091 837 sanctus,

103 839 181 902 llario
196 842 309 921 quidem
329 841 439 902 iudices
455 843 566 902 interim
588 843 699 902 censuit
720 840 845 918 dandos,
866 840 1030 902 evocandos
1046 861 1093 902 au-

104 935 153 985 tem
164 927 263 1005 quibus
276 925 419 986 diceretur
429 927 620 986 innocentium
631 943 739 1004 poenas
750 924 925 985 vendidisse.
938 923 1017 997 Quae
1028 933 1118 988 sen-ti

103 1011 179 1070 tentia
188 1027 245 1070 non
262 1009 419 1088 pmcvaluit
436 1009 537 1086 modo,
557 1009 610 1070 sed
623 1011 735 1069 omnino
749 1019 816 1088 post
831 1017 922 1069 tantas
937 1008 1093 1071 dissensio-

103 1111 147 1152 nes
161 1095 210 1154 iuit
223 1093 286 1154 sola
299 1093 452 1172 frequens,
471 1093 688 1172 adnotatumque
705 1093 906 1172 experimentis
922 1093 998 1171 quod
1012 1092 1093 1154 lavor

71 1183 127 1237 loct
145 1177 334 1238 misericordia
354 1194 436 1238 aeres
457 1186 486 1238 et
502 1176 688 1238 vehementes
706 1179 812 1256 primos
833 1177 956 1255 impetus
976 1176 1091 1256 babent,

101 1260 222 1338 paulatim
240 1260 361 1324 consilio
382 1269 411 1321 et
427 1263 535 1322 ratione
558 1262 638 1339 quasi
658 1263 794 1321 restincta
816 1258 974 1321 considunt.
1010 1261 1117 1322 Unde‘l

101 1347 186 1405 evenit
205 1353 235 1405 ut
257 1344 333 1424 quod
353 1343 433 1404 multi
449 1344 573 1405 clamore
587 1347 729 1424 permixto
745 1353 859 1404 tuentur
871 1360 956 1403 nemo
974 1347 1091 1406 tacenti·

100 1427 146 1487 bns
162 1431 266 1489 ceteris
281 1429 378 1489 dicere
389 1427 475 1489 velit:
491 1430 614 1508 patescit
630 1430 715 1506 enim,
733 1445 797 1487 cum
812 1428 952 1506 separaris
968 1446 984 1488 α
998 1429 1089 1506 turba,

102 1513 292 1592 contemplatio
308 1530 402 1572 rerum
416 1529 489 1591 qnae
503 1512 584 1573 turba
597 1521 740 1590 teguntur.
766 1510 912 1573 Venerunt
927 1513 974 1590 qni
989 1512 1118 1574 adesse8

70 1607 93 1659 15
100 1607 169 1656 erant
185 1598 273 1674 inssi,
289 1594 422 1657 Vitellius
437 1594 597 1658 Honoratus
612 1605 641 1656 et
657 1595 771 1656 Flauim
787 1594 958 1655 Marcianus·
978 1613 1014 1656 es
1031 1600 1091 1662 qut·

100 1678 146 1740 bns
156 1679 314 1742 Honoratus
327 1682 464 1742 trecentis
477 1680 588 1741 milibus
600 1680 714 1740 erilium
725 1681 829 1759 equitis
836 1678 953 1738 llomani
966 1691 1090 1759 septem-

100 1780 148 1840 que
168 1767 322 1824 amicorum
340 1766 402 1824 eius
421 1763 544 1824 ultimam
565 1781 697 1843 poenam,
715 1763 874 1824 Marcianus
889 1765 971 1823 utrius
986 1767 1090 1843 equitis

99 1844 206 1909 llonani
221 1850 413 1928 septingentis
433 1847 546 1909 milibus
567 1847 648 1928 plura
665 1847 806 1927 supplicia
820 1847 992 1926 arguebatur
1006 1851 1089 1910 cmis-

99 1949 141 1992 se:
155 1934 303 1994 eratenim
317 1932 439 1993 fustibus
455 1950 574 2009 caesus,
590 1931 733 1994 damnatus
747 1933 775 1990 in
789 1930 943 2008 metallum,
960 1940 1088 2010 strangu·

66 2012 162 2076 tolatus
177 2019 205 2078 in
219 2034 349 2077 carcere.
382 2015 441 2076 Sed
457 2015 630 2076 Honoratum
646 2017 800 2094 cognitioni
816 2024 931 2076 senatus
946 2031 1022 2077 mors
1039 2022 1115 2096 op·9

98 2109 207 2176 portum
218 2101 375 2178 subtmrit,
393 2099 551 2161 Marcianus
565 2099 696 2161 inductus
713 2109 758 2160 est
772 2098 892 2159 absente
908 2097 1016 2158 Prisco.
1036 2099 1090 2160 lta·

98 2201 147 2261 que
165 2183 290 2246 Tuccius
311 2181 429 2244 Cerialis
453 2182 610 2245 consularis
631 2185 692 2243 iure
715 2183 857 2242 senatorio
881 2181 1036 2260 postularit
1059 2193 1090 2244 ut

97 2264 201 2330 Priscus
213 2271 321 2330 certior
336 2269 428 2345 lieret,
444 2270 506 2328 sive
523 2269 587 2347 quia
603 2265 848 2344 miserabiliorem,
864 2267 926 2327 sive
941 2267 1006 2345 quia
1020 2268 1089 2326 invi-

97 2347 241 2414 diosiorem
256 2352 319 2412 iore
332 2351 526 2427 arbitrabatur,
540 2353 564 2411 si
575 2369 713 2430 praesens
724 2351 838 2428 luisset,
856 2352 929 2428 sivo,
945 2350 1022 2428 quod
1032 2369 1089 2411 ma·

65 2435 161 2496 atrine
176 2437 283 2514 credo,
304 2437 368 2514 quia
382 2437 582 2514 aequissimum
602 2445 662 2495 enat
677 2451 825 2496 commune
843 2436 950 2496 crimen
963 2435 999 2494 ab
1012 2445 1089 2496 utro·

98 2534 146 2596 qne
159 2520 286 2598 delendi,
302 2528 332 2580 ct
346 2521 371 2581 si
385 2518 452 2579 dilui
467 2537 524 2579 non
534 2520 686 2599 potuisset,
701 2521 730 2579 in
741 2529 862 2598 utroque
873 2520 973 2598 puniri.
996 2518 1089 2580 Dilata
1098 2530 1132 2582 lo

96 2619 137 2662 res
152 2608 240 2666 estin
255 2606 413 2684 proximum
427 2613 572 2681 senatum,
589 2604 669 2664 cuius
680 2605 934 2684 ipseyconspectus
949 2605 1090 2681 augustis·

97 2687 174 2748 simus
187 2689 251 2750 init.
273 2687 410 2767 Princeps
423 2687 620 2767 pmesidebat;
635 2697 695 2747 emt
710 2685 783 2747 enim
796 2685 911 2748 consul:
925 2687 962 2746 ad
976 2686 1033 2747 boc
1047 2686 1089 2748 la·

96 2774 199 2833 nuarius
215 2773 324 2833 mensis
347 2789 410 2832 cum
425 2781 522 2832 cetam
536 2779 594 2831 tum
610 2773 765 2850 praecipua
780 2780 940 2831 senatorum
956 2769 1089 2848 iraquen·

64 2851 129 2912 totta
140 2855 357 2917 celeberrimus:
368 2865 518 2934 praeterea
530 2873 632 2915 causac
642 2853 794 2933 amplitudo
806 2864 945 2933 auctaque
956 2852 1089 2915 dilatione

97 2941 253 3016 expectatio
267 2950 297 3000 et
308 2941 380 3000 lama
390 2941 558 3017 insitumque
569 2937 733 3000 mortalibus
747 2938 867 2999 studium
876 2955 976 3016 magna
988 2947 1017 2998 et
1029 2939 1090 2998 inu·

97 3022 169 3084 citata
187 3025 326 3085 noscendi
348 3041 446 3085 omncs
461 3023 584 3103 undique
601 3024 754 3083 exciverat.
777 3022 932 3100 lmaginare
948 3022 1131 3100 quassat-11

96 3101 205 3169 licitndo
220 3109 321 3186 nobis,
343 3110 390 3186 qni
404 3116 514 3185 metus,
530 3107 639 3186 ‘quibus
655 3125 743 3186 super
756 3115 831 3166 tanta
846 3124 879 3166 re
894 3108 922 3165 in
937 3104 987 3165 illo
1003 3115 1088 3166 coetu

95 3201 242 3265 praesente
257 3189 381 3254 Caesare
396 3191 546 3252 dicendum
557 3199 625 3252 emt.
654 3189 795 3270 Equidem
810 3192 839 3250 in
854 3199 952 3251 senatu
966 3207 1024 3248 non
1041 3209 1088 3250 se·

64 3273 145 3332 timel
161 3279 226 3354 egi,
244 3279 309 3356 quin
326 3279 410 3337 immo
427 3293 564 3354 nusquam
578 3275 667 3336 audiri
681 3275 831 3352 benignius
844 3272 944 3349 soleo,
960 3282 1088 3333 tuncrus

94 3364 179 3419 tamen
197 3371 228 3420 nt
245 3378 317 3421 nova
338 3362 429 3422 omnia
442 3377 517 3421 novo
534 3368 611 3420 metu
630 3359 846 3439 permovebant.
878 3357 1131 3419 Obversabaturlt

95 3452 203 3516 praeter
214 3443 265 3506 illa
276 3462 348 3524 quae
359 3445 512 3524 supradixi
524 3462 626 3505 causae
639 3443 805 3505 difficultas:
822 3442 914 3503 stabat
924 3440 1008 3501 modo
1021 3457 1088 3501 eon·

96 3523 208 3608 solaris,
231 3530 316 3590 modo
335 3531 492 3611 septemvir
506 3527 676 3609 epulonum,
698 3529 752 3589 iam
767 3537 906 3588 neutrum.
933 3523 1002 3586 brat
1016 3541 1087 3600 ergo
1096 3529 1131 3582 13
