2604 3972
194 283 258 348 216
497 279 532 343 G.
550 280 650 343 PLINI
668 280 718 343 ET
740 279 898 343 TRAIANI

592 433 678 496 uun.
696 433 803 513 [uun]

415 535 442 586 G.
461 534 586 587 PLINIUS
604 534 749 588 TRAIANO
765 533 974 584 IMPERATORI.

169 650 181 694 r
258 637 401 700 Pecuniae
415 635 566 718 publicae,
590 640 719 718 domine,
740 637 919 718 providentia
936 647 983 698 tua
1001 645 1031 698 et
1044 639 1203 700 ministerio

194 731 293 783 nostro
309 731 339 783 et
355 725 409 783 iam
423 733 542 784 exactae
557 733 622 784 sunt
640 733 670 784 ct
685 724 848 801 exiguntur;
868 739 940 801 quae
956 738 1062 781 vereor
1075 740 1112 781 ne
1128 723 1203 781 otio·

195 825 244 867 sae
257 807 376 867 iaceant.
399 807 470 866 Nam
482 816 511 868 et
519 807 698 886 praediorum
710 805 953 886 conparandorum
961 814 1008 866 aut
1016 803 1093 865 nulla
1101 815 1150 866 aut
1158 815 1226 868 ra·5

193 891 306 951 rissima
315 893 432 952 occasio
442 900 499 970 est,
514 910 570 953 nec
579 893 759 952 inveniuntur
768 891 816 970 qui
825 889 915 950 velint
930 888 1037 949 deluere
1050 891 1093 948 rei
1109 889 1204 967 publi·

196 991 259 1051 cae,
275 977 443 1053 praesertim
457 974 597 1036 duodenis
611 975 741 1053 assibus,
760 976 856 1054 quanti
872 974 1018 1053 aquinatis
1032 981 1202 1034 mutuantur.

170 1056 315 1136 uliispice
331 1076 414 1138 ergo,
431 1057 555 1137 domine,
570 1059 703 1138 numquid
719 1058 897 1119 minuendam
911 1073 1023 1118 usuram
1034 1074 1068 1117 ac
1079 1074 1135 1136 per
1146 1057 1203 1118 lucc
1277 1058 1278 1112 i

194 1140 316 1204 idoneos
332 1142 479 1205 debitores
495 1144 655 1205 inuitandos
675 1151 778 1224 putes,
793 1151 823 1203 et
839 1144 865 1203 si
882 1160 937 1201 nec
952 1142 995 1202 sic
1009 1142 1203 1220 reperiuntur,

195 1225 417 1286 distribuendam
437 1229 512 1288 iuter
531 1227 702 1289 decuriones
716 1228 884 1307 pecuniam,
899 1227 938 1286 ita
952 1235 982 1286 ut
996 1235 1077 1286 recte
1091 1227 1135 1285 rei
1151 1243 1202 1305 pu·
1210 1237 1239 1292 lo

195 1308 289 1370 blicae
306 1320 440 1381 caveant;
463 1310 541 1390 quod
555 1328 723 1392 quamquam
740 1311 834 1371 invitis
852 1319 880 1370 et
894 1309 1092 1371 recusantibus
1110 1309 1202 1370 minus
1278 1364 1279 1380 ,

195 1395 329 1455 acerbum
344 1396 398 1457 erit
412 1394 523 1456 leviore
540 1413 625 1458 usura
643 1395 804 1456 constituta.

601 1543 658 1606 nv.
673 1543 793 1623 [nuru]

537 1642 702 1694 TRAIANUS
717 1642 822 1693 PLINIO
841 1640 868 1696 S.
1211 1647 1239 1702 15
1279 1668 1280 1680 r

255 1742 293 1806 Et
306 1745 370 1824 ipse
381 1762 437 1806 non
451 1744 526 1806 aliud
537 1741 693 1804 remedium
704 1742 837 1824 dispicio,
852 1745 889 1802 mi
901 1742 1034 1804 Secunde
1046 1743 1202 1818 carissime,

198 1845 280 1907 quam
300 1838 331 1890 ut
352 1831 491 1908 quantitas
511 1845 658 1892 usurarum
679 1829 836 1906 minuatur,
857 1845 915 1907 quo
936 1825 1048 1888 facilius
1063 1827 1203 1905 pecuniae

195 1910 330 1991 publicae
352 1912 548 1975 conlocentur.
580 1911 696 1972 Ilodum
716 1913 778 1974 eius
800 1929 838 1972 ex
859 1913 943 1990 copia
960 1927 1058 1971 eorum
1079 1911 1129 1990 qui
1145 1927 1203 1970 mu·
1280 1974 1281 1982 χ

195 1995 348 2058 tuebuntur
363 2007 395 2057 tu
416 1999 582 2059 constitues.
617 1994 725 2057 Invitos
747 1995 783 2056 ad
804 1993 1000 2076 accipiendum
1022 1992 1201 2074 conpellere,

196 2080 274 2158 quod
294 2079 424 2144 fortassis
444 2082 516 2161 ipsis
538 2082 661 2142 otiosum
682 2079 805 2140 futurum
827 2079 880 2156 sit,
901 2096 958 2139 non
979 2087 1025 2140 est
1046 2096 1086 2140 ex
1099 2079 1240 2139 iustitiam

195 2173 357 2226 nostrorum
371 2175 541 2244 temporum.

591 2311 661 2374 uvi.
682 2309 817 2392 [murs]

421 2410 449 2461 G.
466 2410 591 2464 PLINIUS
608 2411 754 2464 TRAIANO
770 2411 978 2464 IMPERATORI.

169 2540 185 2593 1
260 2525 399 2605 Summas,
415 2527 538 2607 domine,
553 2530 659 2607 gratias
677 2546 733 2608 ago
747 2528 824 2608 quod
839 2531 913 2590 inter
928 2530 1062 2589 maximas
1077 2537 1239 2608 occupa-2¹·

197 2613 293 2673 tiones
307 2613 339 2672 io
353 2613 389 2674 iis
406 2610 442 2672 de
457 2613 559 2691 quibus
574 2623 604 2674 te
620 2613 750 2675 consului
764 2631 810 2674 me
826 2631 941 2692 quoque
952 2629 1057 2690 regere
1071 2611 1203 2690 diguatus

168 2707 243 2760 tes:
265 2695 342 2776 quod
356 2714 431 2757 nune
445 2713 559 2776 quoque
577 2697 664 2759 incias
677 2714 762 2776 rogo.
792 2696 871 2758 Adiit
883 2699 957 2757 eninr
973 2714 1019 2756 me
1033 2696 1149 2776 qnidam
1163 2699 1204 2758 in·

197 2780 359 2860 dicavitque
378 2780 559 2844 adversarios
580 2799 649 2844 suos
663 2800 681 2842 a
695 2781 819 2842 Servilio
833 2778 933 2858 Galvo,
953 2780 1114 2844 clarissimo
1127 2782 1203 2857 viro,

195 2867 223 2924 in
238 2865 387 2925 triennium
401 2863 548 2943 relegatos
559 2866 588 2926 in
598 2866 746 2944 provincia
755 2865 872 2926 moraris
887 2863 928 2926 illi
941 2875 1039 2927 contra
1049 2865 1085 2926 ab
1099 2863 1203 2926 eodem

195 2965 228 3008 se
240 2948 389 3009 restitutos
399 2947 614 3010 adunaverunt
625 2948 806 3029 edictumque
817 2951 1020 3011 mcitaverunt.
1042 2946 1105 3023 Qua
1118 2949 1242 3010 causato

168 3032 390 3093 enecessarium
411 3030 519 3091 credidi
539 3050 600 3092 rem
622 3034 761 3112 integram
781 3033 816 3094 ad
839 3043 869 3094 te
889 3033 1010 3094 referre.
1040 3031 1113 3093 Nam
1126 3034 1204 3093 sieut

195 3112 332 3175 mandatis
352 3115 409 3176 tuis
431 3125 543 3177 cautum
563 3125 609 3178 est
629 3135 667 3177 ne
689 3119 836 3180 restituam
850 3117 886 3177 ab
901 3117 957 3177 alio
971 3125 1019 3177 aut
1032 3135 1050 3178 a
1064 3134 1111 3176 me
1126 3115 1204 3177 rele-

194 3206 295 3276 gatos,
315 3199 355 3259 ita
375 3199 411 3260 de
431 3199 465 3260 iis
489 3217 562 3278 quos
582 3199 655 3262 alius
677 3211 706 3262 et
725 3200 899 3280 relegaverit
915 3210 944 3261 et
960 3201 1120 3261 restituerit
1132 3197 1204 3259 nihil

196 3280 426 3359 conprehensum
447 3294 500 3346 est.
534 3283 604 3345 Ideo
619 3293 666 3361 tu,
686 3285 815 3363 domine,
832 3283 1025 3346 consulendus
1040 3282 1120 3344 fuisti
1135 3281 1204 3364 quid

195 3363 352 3427 obseruare
366 3384 412 3429 me
432 3368 543 3447 velles,
564 3379 620 3430 tarn
641 3367 768 3430 Hercule
782 3385 865 3448 quarn
879 3368 915 3428 de
934 3370 972 3429 iis
988 3369 1037 3447 qui
1052 3369 1081 3427 in
1094 3373 1243 3447 perpe-³⁵

167 3456 274 3510 4tuum
288 3448 410 3528 relegati
423 3469 480 3514 uec
494 3455 617 3515 restituti
631 3454 660 3514 in
679 3454 825 3532 provincia
839 3451 1100 3532 deprehenduntur.
1130 3450 1205 3514 Nam

195 3531 270 3594 lraec
287 3550 403 3616 quoque
423 3539 540 3617 species
560 3536 658 3600 incidit
678 3539 708 3599 in
720 3537 913 3616 cognitionem
923 3554 1025 3598 meam.
1056 3533 1112 3596 list
1125 3537 1204 3597 euim
