2604 3972
370 281 630 344 EPISTULARUM
643 282 718 343 Vlll.
731 294 772 346 15.
786 294 828 348 16.
843 291 885 346 17.
1073 284 1134 348 167

131 437 177 497 cia
191 443 299 495 tamen:
323 453 408 494 unum
419 434 539 496 facilitas
557 433 783 504 manumittendi:
802 434 903 496 videor
917 437 992 497 enim
1003 453 1059 497 non
1075 454 1134 497 om·

129 521 197 579 nino
214 519 366 579 inmaturos
386 518 544 596 perdidisse
567 536 639 598 quos
656 519 710 578 iam
729 517 837 579 liberos
853 518 976 599 perdidi;
1002 519 1131 599 alterum,

130 601 208 681 quod
219 603 352 682 permitto
369 603 461 663 servis
476 618 591 681 quoque
606 603 686 681 quasi
703 610 869 664 testamenta
884 602 981 663 facere
996 621 1089 682 eaque
1102 613 1133 664 ut

129 685 257 764 legitima
279 685 420 748 custodio.
456 685 588 746 Mandant
606 694 766 764 rogantque
782 686 858 764 quod
874 688 982 756 visnm;
997 704 1086 766 pareo
1100 697 1159 758 uta

103 769 236 835 siussus.
268 766 418 846 Dividunt,
437 768 558 848 donant,
573 769 751 848 relinquunt,
767 767 907 832 dumtaxat
921 771 994 831 intra
1009 770 1131 831 domum.

128 850 201 912 Nam
222 853 314 912 servis
334 851 513 931 respublica
532 853 670 933 quaedam
692 860 722 913 et
745 854 826 930 quasi
848 855 946 914 civitas
962 853 1061 914 domus
1076 862 1130 916 est.

129 933 190 996 Sed
204 953 370 1015 quamquam
389 935 434 995 bis
456 936 570 998 solaciis
592 935 790 1015 adquiescam,
817 936 950 998 debilitor
969 946 998 998 et
1016 938 1159 1016 frangor3

130 1017 231 1078 eadem
247 1016 295 1080 illa
312 1019 481 1080 humanitate
503 1038 575 1099 quae
595 1036 641 1080 me
662 1027 692 1079 ut
706 1019 763 1080 boc
774 1021 867 1099 ipsum
881 1022 1075 1101 permitterem
1089 1023 1131 1081 in-

130 1101 218 1162 duxit.
250 1100 314 1162 Non
333 1101 400 1163 ideo
422 1111 515 1164 ιιιιιιιι
536 1101 622 1163 velim
643 1102 739 1162 durior
758 1103 828 1164 lieri.
859 1103 923 1165 Nec
942 1105 1044 1183 ignoro
1059 1105 1131 1166 alios

86 1193 122 1247 lo
131 1184 269 1246 eiusmodi
285 1202 368 1247 casus
388 1185 456 1246 nibil
472 1185 592 1266 amplius
606 1204 712 1246 vocare
729 1203 810 1266 quam
825 1187 953 1250 damnum
968 1207 1062 1269 eoquo
1078 1189 1132 1249 sibi

129 1286 248 1346 magnos
264 1268 393 1330 homines
411 1278 441 1330 et
455 1271 600 1349 sapientes
617 1268 716 1330 videri.
751 1268 852 1342 Quian
864 1273 957 1350 magni
973 1274 1132 1352 sapientes-

130 1351 629 1514 tttntftttttfoltttttt:
644 1351 1158 1517 tttttltttttttfftttlltu

130 1519 183 1579 ciis
197 1535 255 1579 non
266 1537 365 1597 egere.
389 1519 495 1580 Vemm
510 1519 547 1580 de
562 1519 606 1580 bis
625 1518 705 1599 plura
720 1519 843 1582 fortasse
860 1540 942 1601 quarn
956 1521 1060 1602 debui,
1078 1521 1158 1592 aeds
1276 1507 1279 1513 ’

84 1616 120 1671 15
129 1603 264 1682 pauciora
280 1620 363 1681 quam
382 1603 471 1664 volui.
499 1601 552 1664 list
569 1605 644 1664 enim
665 1603 802 1684 quaedam
817 1604 901 1665 etiam
918 1605 1032 1667 dolendi
1049 1607 1130 1667 volu·

100 1697 104 1705 '
128 1694 211 1765 ptos,
232 1687 402 1765 praesertim
417 1688 483 1748 siin
501 1688 582 1747 amici
597 1689 660 1748 sinu
675 1686 799 1765 debeas,
821 1688 896 1768 apud
911 1707 994 1769 quem
1008 1688 1129 1752 lacrimis

127 1769 185 1830 tuis
200 1769 249 1830 vel
262 1769 324 1831 laus
336 1771 373 1831 sit
386 1780 483 1848 parata
496 1770 544 1830 vel
556 1772 647 1831 venia.
679 1769 758 1830 Vale.

577 1903 669 1964 xvii.

82 2026 120 2080 Ἠ
401 2001 429 2051 c.
447 2001 572 2053 Pervius
589 2001 734 2054 usuardo
753 2003 814 2055 suo
832 2003 858 2054 s,

189 2101 263 2163 llum
282 2103 347 2165 istic
364 2121 478 2183 quoque
499 2106 594 2166 inmite
615 2115 645 2166 et
664 2106 805 2167 turbidum
826 2103 957 2168 caelum?
988 2106 1041 2166 Hic
1057 2105 1156 2175 adsi-1

127 2187 201 2248 duae
221 2195 409 2266 tempestates
430 2198 461 2248 et
481 2189 580 2249 crebra
597 2187 711 2250 diluvia.
746 2189 857 2253 liberis
875 2188 985 2251 alveum
1003 2193 1131 2252 excessit

127 2281 157 2332 et
183 2270 397 2331 demissioribus
418 2271 489 2350 ripis
509 2271 567 2332 alte
596 2273 819 2353 superfunditur.
857 2272 1028 2354 Quamquam
1049 2275 1156 2341 fossae

127 2371 212 2434 qnam
230 2353 496 2434 providentissimus
511 2357 664 2434 imperator
677 2357 747 2418 iecit
762 2357 931 2434 exhaustus,
954 2361 1056 2437 premit
1070 2358 1131 2421 val·

100 2437 191 2514 oles,
211 2439 317 2498 innatat
328 2441 452 2517 campis,
470 2457 581 2520 quaque
597 2439 710 2519 planum
726 2440 834 2519 solnm,
849 2459 903 2521 pro
917 2442 981 2503 solo
998 2443 1129 2503 cernitur.

126 2520 198 2582 lndo
219 2538 293 2600 quae
310 2521 386 2583 solet
404 2522 516 2581 flumina
529 2524 664 2601 accipere
686 2533 715 2585 et
735 2525 874 2604 permixta
889 2524 1035 2586 devehere
1051 2525 1132 2586 velut

128 2604 231 2666 obvius
248 2605 351 2666 sistere
367 2607 462 2684 cogit,
480 2614 565 2684 atque
582 2607 620 2666 ita
634 2604 735 2667 alienis
752 2609 833 2686 aquis
850 2611 944 2687 operit
955 2625 1041 2686 agros
1057 2625 1130 2687 quos

126 2689 192 2769 ipso
206 2705 263 2748 non
276 2690 375 2767 tangit.
395 2688 482 2766 Anio,
499 2687 716 2750 delicatissimus
730 2692 850 2750 amnium
860 2691 985 2770 ideoque
999 2690 1157 2754 adiacens
1210 2739 1216 2748 .

126 2772 203 2833 tibus
217 2770 295 2832 villis
309 2770 390 2832 velut
404 2773 537 2832 invitatus
546 2780 744 2852 retentusque,
761 2791 861 2852 magna
875 2792 911 2833 ex
922 2783 1003 2852 parte
1014 2790 1129 2834 nemora

81 2855 233 2934 soquibns
247 2855 419 2915 inumbratur
432 2855 518 2932 fregit
532 2863 562 2916 et
578 2857 685 2934 rapuit:
706 2857 815 2918 subruit
826 2865 936 2918 montes
953 2867 983 2917 et
997 2856 1131 2918 deciden-

126 2940 196 3000 tium
216 2937 293 2998 mole
310 2936 438 3016 pluribus
458 2936 532 2999 locis
549 2938 680 3017 clausus,
704 2939 769 3000 dum
783 2941 915 3002 amissum
934 2942 989 3001 iter
1010 2943 1129 3020 quaerit,

126 3020 238 3100 impulit
252 3030 330 3082 tecta
344 3040 379 3082 ac
393 3040 426 3083 se
441 3039 529 3101 super
545 3024 639 3086 ruinas
656 3024 744 3084 eiecit
758 3031 843 3103 atque
858 3023 967 3085 extulit.
994 3024 1159 3088 Videruntu

127 3121 202 3185 quos
223 3103 431 3166 excelsioribus
450 3107 534 3166 torris
553 3104 601 3167 illa
621 3116 778 3187 tempestas
801 3107 989 3187 deprehendit
1008 3107 1074 3168 alibi
1089 3107 1130 3168 di·

126 3191 215 3249 vitum
228 3197 380 3268 apparatus
393 3197 423 3249 ιι
435 3206 551 3267 gravem
566 3189 789 3270 supellectilem,
804 3189 871 3252 alibi
887 3194 1069 3252 instmmenta
1084 3210 1130 3251 ru·

84 3274 179 3352 boris,
193 3272 233 3333 ibi
249 3273 339 3333 boves
355 3282 446 3334 aratra
460 3282 602 3352 rectores,
617 3273 665 3333 bic
680 3274 773 3335 soluta
788 3283 817 3335 et
829 3274 920 3336 libera
932 3285 1067 3352 armenta,
1082 3274 1130 3335 ad·

127 3375 185 3436 que
199 3357 274 3416 inter
286 3355 359 3417 baec
372 3357 503 3418 arborum
517 3367 633 3418 truncos
648 3366 695 3418 aut
707 3357 838 3419 villamm
852 3357 960 3438 trabes,
972 3360 1049 3421 varie
1060 3359 1130 3420 lato·

127 3458 186 3519 que
207 3440 351 3501 fluitantia.
382 3440 427 3500 Ao
446 3458 484 3501 ne
505 3439 553 3501 illa
573 3441 687 3520 quidem
706 3442 779 3504 malo
800 3450 971 3504 vacaverunt
989 3460 1061 3522 quae
1075 3450 1156 3505 nont

127 3523 259 3586 ascendit
274 3524 372 3584 amnis.
402 3522 472 3584 Nam
492 3540 545 3602 pro
560 3541 641 3586 amne
662 3525 753 3586 imber
767 3525 899 3588 adsiduus
916 3534 946 3587 et
961 3525 1066 3586 delecti
1080 3542 1130 3584 nu·
