2580 3970
423 272 688 335 PANEGYRIGUS
704 283 731 337 3.
744 283 771 338 4.
783 285 809 338 5.
1047 277 1111 341 241

105 425 151 486 Ao
167 443 202 485 ue
219 423 289 484 illud
306 424 420 503 quidem
434 442 538 485 vereor
552 444 588 485 ue
603 435 700 503 gratus
714 428 878 504 ingratusve
892 427 1007 506 uidear,
1027 439 1113 508 prout

105 511 174 569 satis
195 518 361 586 aut-parum
382 507 489 567 dixero.
525 509 726 570 Animadverte
745 510 821 569 enim
841 512 925 570 etiam
941 510 1012 571 deos
1031 515 1111 592 ipsos

104 610 162 652 uon
175 601 231 652 tam
246 593 386 652 accuratis
401 590 575 651 adorantium
590 593 724 670 precibus
739 611 821 673 quam
832 595 992 654 innocentia
1005 605 1034 655 et
1047 615 1111 657 sarr·

105 677 204 736 ctitate
219 675 334 752 laetari,
350 675 561 755 gratioremque
575 677 727 738 existimari
743 679 791 756 qui
808 677 933 738 delubris
950 694 1048 738 eorum
1059 698 1111 757 pu·
1196 745 1199 752 ,

77 762 164 819 cram
186 767 347 837 castamque
362 767 486 818 mentem
508 776 591 838 quam
611 762 659 839 qui
673 759 835 820 meditatum
850 777 962 821 carmen
976 761 1110 822 intulerit.
1190 759 1195 768 '

104 842 165 903 Sed
184 842 340 921 parendum
357 851 402 902 est
421 843 703 922 senatusconsulto,
729 861 786 924 quo
804 862 841 904 ex
857 844 978 906 utilitate
995 842 1145 924 publicat

104 926 212 1004 placuit
234 935 264 985 ut
285 925 410 986 consulis
432 943 506 985 uoce
522 926 575 986 sub
591 927 673 988 titulo
688 930 839 1006 gratiarum
856 928 1028 1006 agendarum
1043 930 1111 990 boni

103 1011 251 1090 principes
270 1028 343 1088 quae
357 1009 486 1069 lacerent
498 1021 762 1089 recognoscerent,
780 1011 845 1072 mali
862 1031 935 1091 quae
950 1011 1048 1073 lacere
1059 1012 1109 1074 de-

93 1095 215 1172 berent.
249 1091 282 1153 ld
293 1111 368 1153 nuuc
383 1110 419 1153 eo
433 1095 524 1171 magis
539 1094 678 1156 sollemne
694 1113 729 1155 ac
743 1098 938 1157 necessarium
955 1106 1016 1175 est,
1034 1097 1111 1175 quod

60 1187 97 1238 ιο
105 1193 209 1255 pareus
222 1186 323 1237 noster
337 1177 460 1256 privatas
474 1179 625 1254 gratiarum
638 1181 767 1239 actiones
780 1179 895 1240 cohibet
906 1189 935 1239 et
950 1182 1108 1259 conprimit,

104 1263 314 1322 intercessurus
337 1263 422 1321 etium
442 1259 588 1339 publicis,
608 1264 633 1322 si
653 1264 830 1342 permitteret
845 1263 899 1324 sibi
919 1272 1017 1324 vetare
1034 1263 1111 1342 quod

105 1352 219 1404 senatus
235 1345 357 1405 iuberet.
398 1343 572 1424 Utrumque,
596 1344 867 1425 (laesarhuguste,
889 1345 1052 1425 moderate,
1078 1356 1108 1408 et

105 1428 183 1508 quod
201 1428 268 1489 alibi
291 1429 342 1488 tibi
362 1430 468 1506 gratias
488 1430 534 1506 agi
553 1446 610 1490 uon
631 1431 700 1490 sinis
722 1438 750 1489 et
772 1429 849 1509 quod
868 1429 916 1490 hic
930 1432 1010 1493 siuis.
1044 1429 1110 1490 Non

105 1513 180 1572 enim
194 1530 210 1572 a
226 1520 255 1572 te
269 1515 334 1592 ipao
348 1513 399 1572 tibi
412 1511 505 1572 honor
516 1515 571 1572 iste
586 1513 640 1573 sed
653 1513 689 1573 ab
704 1513 854 1590 agentibus
869 1512 998 1574 habetur.
1021 1513 1109 1576 Cedis

59 1599 96 1652 15
105 1595 264 1656 adfectibus
277 1598 397 1673 uostris,
417 1613 472 1657 uec
485 1595 568 1657 uobis
584 1614 699 1658 mouera
712 1606 759 1657 tua
771 1596 936 1674 praedicare
948 1597 999 1658 sed
1012 1598 1108 1658 audire

103 1678 155 1739 tihi
169 1697 293 1740 necesse
307 1689 363 1742 est.
820 1692 822 1695 ·
1140 1710 1180 1776 *p

167 1763 263 1842 Saepe
278 1779 336 1841 ego
352 1779 479 1841 mecum,
500 1773 597 1843 patres
614 1766 785 1844 conscripti,
808 1767 910 1826 tacitua
925 1767 1028 1842 agitari
1041 1783 1109 1844 qua-

103 1846 162 1906 lem
185 1855 373 1926 quantumque
395 1864 462 1907 esse
484 1857 632 1926 oporteret
654 1849 735 1908 cuius
756 1847 862 1909 ditione
883 1847 1009 1928 nutuque
1023 1852 1108 1909 maria

104 1939 199 1990 terrae
214 1947 271 2010 pax
290 1929 366 1991 bella
380 1939 563 2007 regerentum
589 1949 653 1991 cum
666 1933 774 1992 interea
788 1932 905 2009 dugenti
920 1932 1109 2011 formantique

58 2013 172 2076 uomihi
187 2015 345 2093 principem
367 2031 451 2093 quem
465 2023 585 2092 aequata
599 2013 654 2075 diis
669 2014 861 2076 inmortalibus
877 2025 1005 2095 potestas
1020 2015 1108 2076 dece·

102 2105 149 2159 ret
172 2115 321 2177 numquam
344 2105 413 2158 voto
441 2096 540 2157 saltem
565 2099 718 2176 concipere
741 2101 880 2160 succurrit
900 2098 1021 2160 similem
1041 2099 1108 2159 huic

104 2198 190 2261 quem
203 2180 341 2242 uidemus.
371 2180 478 2242 Euituit
489 2180 591 2260 aliquis
603 2183 632 2240 in
646 2181 742 2260 bello,
758 2182 811 2244 sed
823 2182 966 2244 obsolevit
980 2185 1008 2242 iu
1019 2199 1106 2263 pace:

102 2265 187 2326 alium
201 2274 284 2342 toga,
301 2265 424 2326 sednon
440 2273 469 2325 et
484 2282 559 2325 arma
576 2265 774 2328 honestarunt:
789 2269 977 2327 reverentiam
987 2266 1036 2326 ille
1050 2276 1107 2327 ter·

102 2367 186 2427 rore,
214 2349 286 2411 alius
306 2366 430 2410 amorem
449 2348 605 2409 humilitate
627 2352 764 2429 captavit:
789 2349 840 2409 ille
859 2353 1016 2428 quaesitam
1032 2351 1107 2410 domi

59 2433 224 2512 angleriam
236 2435 265 2492 in
281 2433 415 2511 publico,
441 2431 490 2493 hic
503 2435 532 2492 iu
547 2433 664 2513 publico
680 2443 787 2513 partam
801 2433 877 2494 domi
892 2433 1029 2513 perdidit:
1054 2452 1107 2514 po·

102 2525 213 2579 stremo
229 2515 320 2578 adbuc
335 2534 419 2578 nemo
435 2518 527 2577 extitit
544 2519 624 2578 cuius
639 2519 759 2579 virtutes
773 2517 852 2578 nullo
871 2519 1003 2578 vitiorum
1019 2518 1106 2578 conli-

102 2603 152 2661 nio
167 2600 355 2662 laederentur.
388 2602 427 2661 At
442 2601 564 2680 principi
580 2610 678 2661 nostro
694 2610 795 2680 quauta
811 2601 1108 2680 concordiaquantus·

103 2703 159 2765 que
180 2693 336 2746 concentus
352 2685 476 2746 omnium
490 2682 603 2746 laudum
617 2687 765 2763 omnisque
778 2684 888 2762 gloriae
905 2683 1038 2762 contigit!
1070 2685 1106 2744 Ut

102 2767 172 2828 nihil
190 2770 336 2829 seueritati
351 2771 414 2830 eius
427 2767 584 2845 hilaritate,
600 2767 669 2827 nihil
683 2770 812 2846 gravitati
823 2767 1022 2847 simplicitate,
1037 2766 1106 2827 nihil

57 2853 242 2922 somniestati
256 2850 425 2914 humanitate
442 2850 609 2912 detrahitur!
645 2851 703 2912 lam
719 2851 850 2927 hmritaa,
871 2853 926 2911 iam
947 2852 1106 2929 proceritas

103 2937 251 3015 corporis,
267 2938 320 2996 iam
335 2936 428 2996 honor
443 2935 543 3013 capitis
558 2944 587 2996 et
603 2934 725 3013 dignitas
741 2937 816 3013 oris,
832 2934 866 2995 ad
881 2935 938 2996 hoc
951 2936 1050 2996 aetatis
1064 2937 1106 2995 iu·

101 3019 215 3080 deflexa
228 3021 370 3081 maturitas
385 3037 440 3080 uec
456 3021 518 3080 siue
534 3019 654 3097 quodam
668 3036 786 3079 munere
801 3018 886 3080 deum
902 3017 1043 3080 festinatis
1059 3036 1105 3078 se·

100 3105 226 3165 nectutis
245 3103 403 3182 insignibus
423 3101 458 3163 ad
473 3101 630 3180 augendam
645 3105 822 3164 maiestatem
838 3111 935 3164 ornata
950 3103 1104 3179 caesaries,

100 3201 195 3247 nonne
210 3185 297 3264 longe
313 3187 427 3267 lateque
447 3188 607 3265 principem
631 3183 792 3248 ostentant?
821 3185 917 3246 Talem
935 3204 1002 3246 esse
1019 3195 1137 3263 opor-5

57 3281 91 3334 35
100 3273 154 3332 tuit
167 3288 252 3351 quem
266 3289 323 3331 uon
337 3270 413 3332 bella
428 3269 521 3330 civilia
534 3287 590 3330 uec
604 3272 687 3331 armis
703 3277 842 3350 cppressa
857 3287 905 3330 res
922 3268 1038 3348 publica
1052 3268 1104 3330 sed

100 3373 156 3434 pax
172 3363 202 3415 et
215 3354 331 3433 adoptio
345 3364 374 3415 et
389 3354 500 3414 taudem
514 3363 630 3414 exorata
644 3355 730 3416 terris
744 3354 856 3413 numina
873 3350 1028 3414 dedissent.
1059 3353 1106 3412 Au

98 3439 142 3500 las
160 3447 220 3498 erat
235 3438 304 3498 nihil
319 3438 434 3499 dill'erre
448 3440 522 3498 iuter
533 3439 732 3517 imperatorem
744 3453 830 3516 quem
839 3435 968 3498 homines
979 3445 1009 3498 et
1020 3453 1105 3514 quem

99 3522 137 3583 dii
151 3519 312 3584 fecissent?
328 3539 446 3601 quorum
458 3518 571 3601 quidem
588 3523 616 3582 iu
631 3530 674 3599 te,
692 3517 794 3583 Caesar
808 3517 955 3666 liupufiste,
971 3518 1107 3580 iudicium

141 3613 215 3666 Pumr
229 3609 279 3664 Er.
