2584 3972
177 253 239 320 112
596 254 629 317 0.
652 254 750 316 PLlNl

151 407 265 486 spretio
287 407 411 486 inlirrna,
436 408 493 486 ipsi
514 407 694 486 enitendum,
719 409 775 488 ipsi
789 406 990 469 elaborandum
1010 415 1064 468 est.
1094 405 1183 481 Quod

177 491 290 570 quidem
310 509 443 571 semper,
465 493 545 571 quusi
558 492 723 571 provideret
742 491 799 552 hcc
819 500 949 571 tempus,
971 489 1075 552 sedulo
1094 491 1182 554 iecit:

177 577 287 654 paravit
301 577 425 654 etnicos,
451 592 524 654 quos
539 584 687 654 paraverat
703 574 810 653 noluit,
830 592 875 636 me
896 583 993 653 certe,
1015 584 1047 636 ut
1061 577 1182 654 primum

152 659 231 725 6sibi
243 657 366 721 iudicare
383 660 522 738 permisit,
538 659 572 719 ad
585 677 710 720 amorem
727 658 967 738 imitationemque
982 658 1100 737 delegit.
1130 659 1181 720 Di·

178 744 253 804 nenti
266 741 333 802 mibi
348 742 488 803 sollicitus
503 742 630 821 adsistit,
652 742 762 804 adsidet
773 744 918 804 recitanti:
938 744 1035 822 primis
1050 743 1135 804 etiam
1151 752 1208 814 ets

177 843 240 886 cum
254 827 373 886 maxime
388 826 573 888 nascentibus
587 826 736 905 opusculis
749 827 821 888 meis
835 828 970 903 interest,
993 845 1068 887 nunc
1087 826 1180 906 solus,

175 918 239 970 ante
255 909 431 987 cumfratre,
447 912 528 972 cuius
542 928 634 989 nuper
647 911 743 972 amissi
758 929 815 989 ego
830 911 982 990 suscipere
996 919 1106 990 partes,
1122 929 1181 989 epo

150 994 268 1058 nucem
284 992 377 1054 debeo
392 993 512 1072 inplere.
541 993 636 1054 Doleo
652 995 726 1055 enirn
744 1003 774 1054 et
789 993 868 1054 illum
881 996 1017 1056 inmatura
1029 1004 1122 1056 morte
1138 997 1181 1055 in·

108 1125 113 1134 .
176 1075 340 1154 dignissime
354 1085 464 1156 raptum
480 1087 508 1138 et
522 1078 597 1138 bunc
614 1078 713 1157 optimi
729 1078 823 1139 fratris
837 1077 997 1139 adiumento
1015 1077 1181 1140 destitutu-

148 1159 302 1238 8sclisqne
318 1163 415 1223 aminis
432 1161 573 1223 relictum.
597 1160 706 1235 Quibus
723 1180 762 1222 ex
775 1164 870 1223 causis
884 1164 971 1240 exigo
987 1170 1018 1222 nt
1033 1164 1132 1222 uenias
1149 1171 1227 1241 et10

175 1243 310 1321 suffragio
324 1261 390 1306 meo
406 1253 483 1306 tuum
497 1248 606 1324 iungas.
639 1245 810 1306 Permultum
823 1248 942 1308 interest
960 1263 1024 1306 rnen
1038 1255 1069 1306 te
1083 1255 1181 1308 osten·

174 1334 247 1402 tare,
261 1336 356 1388 tecum
371 1331 529 1390 circumire.
560 1329 604 1390 Ea
618 1339 663 1390 est
677 1331 830 1391 auctoritas
845 1339 893 1392 tua
906 1339 937 1392 ut
947 1338 1044 1410 putern
1057 1347 1104 1390 me
1118 1329 1181 1391 eiti-

150 1412 271 1474 9caoius
287 1421 382 1472 tecum
397 1415 480 1474 etiam
495 1429 577 1474 meos
591 1415 699 1475 amices
711 1422 885 1491 rogaturum.
909 1414 1069 1493 Abrumpe,
1085 1415 1181 1493 siqua

175 1502 204 1554 te
219 1493 356 1556 retinent:
367 1493 434 1555 'hoc
450 1505 563 1576 tempus
579 1514 690 1575 meum,
711 1497 768 1557 bec
782 1496 870 1576 tides,
886 1498 943 1560 lroe
959 1498 1042 1558 abun
1058 1496 1180 1576 dignitas

175 1574 308 1654 postulat.
341 1577 464 1656 Suscepi
488 1578 680 1658 candidatum,
702 1589 732 1640 et
753 1583 920 1662 suscepisse
942 1599 988 1641 me
1005 1589 1103 1641 notum
1118 1589 1226 1651 est-15

176 1673 232 1737 ego
252 1660 362 1739 ambio,
383 1679 440 1739 ego
460 1662 624 1740 periclitor:
649 1664 677 1722 in
697 1681 819 1740 summa,
843 1668 867 1725 si
882 1666 963 1727 datur
975 1662 1081 1724 Nasoni
1101 1664 1181 1745 qnod

175 1744 257 1821 petit,
272 1741 348 1803 illius
362 1744 467 1815 bonon
482 1747 507 1806 si
519 1756 650 1825 negatur,
666 1765 729 1808 meu
742 1747 860 1826 repulsa
874 1759 928 1812 est.
949 1746 1032 1808 Vale.

646 1880 709 1941 Vll.

404 1979 431 2034 0.
451 1979 577 2032 PLINIUS
595 1981 800 2033 CALPURNIAE
818 1981 904 2034 SUAE
922 1982 949 2034 S.

148 2089 163 2143 1
235 2080 342 2141 Scribis
356 2090 385 2141 te
396 2081 524 2143 absentia
538 2099 601 2142 mea
615 2099 672 2142 non
684 2082 866 2144 mediocriter
879 2084 962 2146 addai
976 2102 1118 2164 unumque
1128 2086 1178 2147 ba·

174 2165 246 2226 bere
263 2164 410 2243 solacium,
427 2165 503 2244 qnod
518 2183 570 2244 pro
585 2181 631 2226 me
645 2165 759 2228 libellos
771 2182 852 2228 meos
867 2175 978 2247 teneas,
993 2185 1082 2248 saepe
1094 2171 1181 2232 etiam

148 2249 202 2310 tin
212 2249 336 2326 vestigio
356 2265 421 2308 meo
437 2248 585 2312 conloces.
616 2246 729 2310 Gratum
743 2260 789 2313 est
806 2249 882 2331 quod
892 2270 945 2313 nos
959 2254 1099 2332 requiris,
1113 2272 1179 2332 gra-

173 2339 232 2390 tum
251 2330 329 2408 quod
342 2331 386 2392 bis
400 2331 533 2394 lomentis
548 2333 726 2410 adquiescis:
752 2335 874 2396 inuicem
889 2352 946 2414 eqo
962 2335 1100 2416 epistulas
1114 2347 1180 2399 tuas

174 2412 273 2474 lectito
289 2412 381 2492 adque
403 2414 556 2475 identidem
576 2417 605 2475 in
625 2431 723 2476 manns
744 2419 825 2496 quasi
843 2435 931 2480 novas
951 2437 1047 2490 sumo;
1072 2421 1125 2482 sed
1139 2439 1227 2494 θοις,

146 2497 262 2574 imagis
277 2496 313 2557 nd
329 2495 500 2558 desiderium
519 2499 559 2558 tui
578 2499 731 2559 accendor.
760 2499 833 2562 Nam
847 2504 928 2566 cuius
944 2502 1057 2566 litterae
1071 2513 1180 2566 tanturn

173 2579 278 2642 babent
292 2581 454 2660 suavitatis,
476 2581 559 2642 buius
574 2583 752 2645 sermonibus
768 2595 900 2664 qnantum
914 2587 1073 2650 dulcedinis
1087 2589 1180 2650 inest!

175 2662 216 2726 Tu
230 2673 323 2725 tamen
338 2682 419 2743 quarn
435 2666 666 2746 frequentissime
679 2669 792 2747 scribe,
814 2668 885 2732 licet
905 2672 962 2734 hoc
977 2673 1017 2732 ita
1030 2689 1076 2734 me
1092 2672 1179 2734 dela-

174 2756 233 2810 ctet
248 2760 278 2811 ut
292 2757 432 2828 torqueat.
460 2750 540 2812 Vale.

635 2881 711 2944 vm·
1187 2860 1226 2916 eo

468 2981 764 3036 conmmeatum
782 2985 843 3050 suo
860 2985 886 3042 s,

148 3091 164 3146 1
236 3082 353 3145 Atilium
367 3081 553 3146 Crescentem
568 3095 598 3147 et
610 3089 686 3149 nomi
697 3097 727 3150 et
737 3107 823 3152 amas.
846 3089 916 3164 Quis
928 3091 1004 3153 ¹enim
1017 3091 1097 3154 illurn
1109 3111 1180 3174 spe·

174 3167 276 3228 ctatior
291 3166 376 3247 panlo
395 3177 518 3229 autnon
539 3172 618 3231 novit
637 3180 686 3232 eut
707 3191 764 3234 ncn
785 3171 878 3237 amat?
905 3174 987 3238 llnnc
1003 3195 1059 3255 ego
1074 3195 1131 3238 non
1146 3190 1179 3242 ut

145 3249 249 3313 tmnlti
264 3251 317 3312 sed
328 3252 467 3314 artissime
480 3251 577 3332 dilige.
611 3254 722 3334 Oppida
735 3265 834 3319 nostru
846 3261 929 3322 unias
944 3260 1001 3320 diei
1017 3263 1119 3323 itinere
1134 3262 1222 3334 diss

170 3334 320 3394 rimantur:
346 3337 402 3413 ipsi
423 3353 515 3398 amare
533 3339 672 3417 inuicem,
698 3341 811 3419 quiesi
832 3342 1064 3421 bagruntissimus
1083 3361 1178 3426 amor,

170 3415 377 3480 adulescentuli
399 3422 554 3500 coepimus.
584 3420 688 3484 biansit
701 3422 748 3484 hic
764 3435 884 3505 postea,
908 3445 965 3489 nec
979 3427 1091 3496 refrixit
1103 3431 1178 3492 indi·

172 3500 217 3561 cio
242 3502 295 3562 sed
315 3502 441 3564 invaluit.
482 3505 581 3568 Sciunt
605 3508 652 3585 qui
673 3505 838 3570 alterutrum
857 3519 986 3572 metram
1010 3511 1178 3578 ianiliarius
