<?xml version="1.0" encoding="UTF-8"?>
<!DOCTYPE html PUBLIC "-//W3C//DTD XHTML 1.0 Transitional//EN"
    "http://www.w3.org/TR/xhtml1/DTD/xhtml1-transitional.dtd">
<html xmlns="http://www.w3.org/1999/xhtml" xml:lang="en" lang="en">
 <head>
  <title>
</title>
<meta http-equiv="Content-Type" content="text/html;charset=utf-8" />
  <meta name='ocr-system' content='tesseract 3.04.00' />
  <meta name='ocr-capabilities' content='ocr_page ocr_carea ocr_par ocr_line ocrx_word'/>
</head>
<body>
  <div class='ocr_page' id='page_1' title='image "./cplinicaecilise05plingoog_0133.png"; bbox 0 0 2584 3972; ppageno 0'>
   <div class='ocr_carea' id='block_1_1' title="bbox 167 253 739 318">
    <p class='ocr_par' dir='ltr' id='par_1_1' title="bbox 167 253 739 318">
     <span class='ocr_line' id='line_1_1' title="bbox 167 253 739 318; baseline -0.009 0"><span class='ocrx_word' id='word_1_1' title='bbox 167 256 230 318; x_wconf 75' lang='lat' dir='ltr'><strong>lon</strong></span> <span class='ocrx_word' id='word_1_2' title='bbox 588 253 622 317; x_wconf 85' lang='lat' dir='ltr'><strong>G.</strong></span> <span class='ocrx_word' id='word_1_3' title='bbox 642 253 739 314; x_wconf 79' lang='lat' dir='ltr'><strong>Pttut</strong></span> 
     </span>
    </p>
   </div>
   <div class='ocr_carea' id='block_1_2' title="bbox 124 403 1282 2474">
    <p class='ocr_par' dir='ltr' id='par_1_2' title="bbox 140 403 1245 1993">
     <span class='ocr_line' id='line_1_2' title="bbox 164 403 1174 487; baseline -0.004 -19"><span class='ocrx_word' id='word_1_4' title='bbox 164 418 230 469; x_wconf 92' lang='lat' dir='ltr'><strong>runt</strong></span> <span class='ocrx_word' id='word_1_5' title='bbox 244 425 342 468; x_wconf 93' lang='lat' dir='ltr'><strong>omnes</strong></span> <span class='ocrx_word' id='word_1_6' title='bbox 358 418 473 487; x_wconf 90' lang='lat' dir='ltr'><strong>praeter</strong></span> <span class='ocrx_word' id='word_1_7' title='bbox 488 405 605 468; x_wconf 86' lang='lat' dir='ltr'><strong>Fabium</strong></span> <span class='ocrx_word' id='word_1_8' title='bbox 618 407 736 486; x_wconf 82' lang='lat' dir='ltr'><strong>Aprum.</strong></span> <span class='ocrx_word' id='word_1_9' title='bbox 756 404 785 466; x_wconf 87' lang='lat' dir='ltr'><strong>Is</strong></span> <span class='ocrx_word' id='word_1_10' title='bbox 799 403 1024 465; x_wconf 88' lang='lat' dir='ltr'><strong>interdicendum</strong></span> <span class='ocrx_word' id='word_1_11' title='bbox 1040 406 1067 464; x_wconf 88' lang='lat' dir='ltr'><strong>ei</strong></span> <span class='ocrx_word' id='word_1_12' title='bbox 1082 403 1174 466; x_wconf 76' lang='lat' dir='ltr'><strong>advo-</strong></span> 
     </span>
     <span class='ocr_line' id='line_1_3' title="bbox 166 489 1173 571; baseline -0.004 -19"><span class='ocrx_word' id='word_1_13' title='bbox 166 492 324 552; x_wconf 90' lang='lat' dir='ltr'><strong>cationibus</strong></span> <span class='ocrx_word' id='word_1_14' title='bbox 336 493 364 550; x_wconf 94' lang='lat' dir='ltr'><strong>in</strong></span> <span class='ocrx_word' id='word_1_15' title='bbox 376 493 595 571; x_wconf 83' lang='lat' dir='ltr'><strong>quinquennium</strong></span> <span class='ocrx_word' id='word_1_16' title='bbox 609 493 730 569; x_wconf 87' lang='lat' dir='ltr'><strong>censuit,</strong></span> <span class='ocrx_word' id='word_1_17' title='bbox 743 497 771 550; x_wconf 88' lang='lat' dir='ltr'><strong>ct</strong></span> <span class='ocrx_word' id='word_1_18' title='bbox 783 489 909 570; x_wconf 80' lang='lat' dir='ltr'><strong>quamvis</strong></span> <span class='ocrx_word' id='word_1_19' title='bbox 920 489 1060 548; x_wconf 89' lang='lat' dir='ltr'><strong>neminem</strong></span> <span class='ocrx_word' id='word_1_20' title='bbox 1071 499 1173 551; x_wconf 88' lang='lat' dir='ltr'><strong>aucto·</strong></span> 
     </span>
     <span class='ocr_line' id='line_1_4' title="bbox 164 571 1172 652; baseline -0.003 -17"><span class='ocrx_word' id='word_1_21' title='bbox 164 578 247 636; x_wconf 88' lang='lat' dir='ltr'><strong>ritate</strong></span> <span class='ocrx_word' id='word_1_22' title='bbox 264 574 407 652; x_wconf 79' lang='lat' dir='ltr'><strong>traxisset,</strong></span> <span class='ocrx_word' id='word_1_23' title='bbox 426 583 589 636; x_wconf 88' lang='lat' dir='ltr'><strong>constanter</strong></span> <span class='ocrx_word' id='word_1_24' title='bbox 598 577 627 635; x_wconf 94' lang='lat' dir='ltr'><strong>in</strong></span> <span class='ocrx_word' id='word_1_25' title='bbox 638 574 778 636; x_wconf 89' lang='lat' dir='ltr'><strong>sententia</strong></span> <span class='ocrx_word' id='word_1_26' title='bbox 787 573 902 634; x_wconf 90' lang='lat' dir='ltr'><strong>mansit:</strong></span> <span class='ocrx_word' id='word_1_27' title='bbox 920 575 987 652; x_wconf 92' lang='lat' dir='ltr'><strong>quin</strong></span> <span class='ocrx_word' id='word_1_28' title='bbox 998 574 1082 634; x_wconf 87' lang='lat' dir='ltr'><strong>etiam</strong></span> <span class='ocrx_word' id='word_1_29' title='bbox 1092 571 1172 633; x_wconf 89' lang='lat' dir='ltr'><strong>Dex-</strong></span> 
     </span>
     <span class='ocr_line' id='line_1_5' title="bbox 165 655 1172 739; baseline -0.002 -21"><span class='ocrx_word' id='word_1_30' title='bbox 165 669 254 736; x_wconf 92' lang='lat' dir='ltr'><strong>trum,</strong></span> <span class='ocrx_word' id='word_1_31' title='bbox 280 660 327 739; x_wconf 90' lang='lat' dir='ltr'><strong>qni</strong></span> <span class='ocrx_word' id='word_1_32' title='bbox 342 660 448 736; x_wconf 91' lang='lat' dir='ltr'><strong>primus</strong></span> <span class='ocrx_word' id='word_1_33' title='bbox 464 657 606 720; x_wconf 79' lang='lat' dir='ltr'><strong>diversum</strong></span> <span class='ocrx_word' id='word_1_34' title='bbox 621 667 787 735; x_wconf 86' lang='lat' dir='ltr'><strong>censuerat,</strong></span> <span class='ocrx_word' id='word_1_35' title='bbox 803 655 913 736; x_wconf 84' lang='lat' dir='ltr'><strong>prolata</strong></span> <span class='ocrx_word' id='word_1_36' title='bbox 929 656 997 734; x_wconf 82' lang='lat' dir='ltr'><strong>lege</strong></span> <span class='ocrx_word' id='word_1_37' title='bbox 1015 657 1051 716; x_wconf 93' lang='lat' dir='ltr'><strong>de</strong></span> <span class='ocrx_word' id='word_1_38' title='bbox 1067 666 1172 718; x_wconf 84' lang='lat' dir='ltr'><strong>senatu</strong></span> 
     </span>
     <span class='ocr_line' id='line_1_6' title="bbox 141 738 1199 822; baseline 0.002 -22"><span class='ocrx_word' id='word_1_39' title='bbox 141 739 297 804; x_wconf 77' lang='lat' dir='ltr'><strong>thabendo</strong></span> <span class='ocrx_word' id='word_1_40' title='bbox 311 743 403 801; x_wconf 89' lang='lat' dir='ltr'><strong>iurare</strong></span> <span class='ocrx_word' id='word_1_41' title='bbox 415 739 512 819; x_wconf 70' lang='lat' dir='ltr'><strong>coegit</strong></span> <span class='ocrx_word' id='word_1_42' title='bbox 526 762 543 803; x_wconf 94' lang='lat' dir='ltr'><strong>e</strong></span> <span class='ocrx_word' id='word_1_43' title='bbox 558 761 591 802; x_wconf 94' lang='lat' dir='ltr'><strong>re</strong></span> <span class='ocrx_word' id='word_1_44' title='bbox 606 741 720 822; x_wconf 86' lang='lat' dir='ltr'><strong>publica</strong></span> <span class='ocrx_word' id='word_1_45' title='bbox 736 759 805 802; x_wconf 89' lang='lat' dir='ltr'><strong>esse</strong></span> <span class='ocrx_word' id='word_1_46' title='bbox 819 740 896 820; x_wconf 94' lang='lat' dir='ltr'><strong>quod</strong></span> <span class='ocrx_word' id='word_1_47' title='bbox 911 741 1082 802; x_wconf 89' lang='lat' dir='ltr'><strong>censuisset.</strong></span> <span class='ocrx_word' id='word_1_48' title='bbox 1118 738 1199 802; x_wconf 77' lang='lat' dir='ltr'><strong>ouis</strong></span> 
     </span>
     <span class='ocr_line' id='line_1_7' title="bbox 166 823 1171 906; baseline -0.004 -19"><span class='ocrx_word' id='word_1_49' title='bbox 166 843 334 906; x_wconf 89' lang='lat' dir='ltr'><strong>quamquam</strong></span> <span class='ocrx_word' id='word_1_50' title='bbox 347 824 492 902; x_wconf 78' lang='lat' dir='ltr'><strong>legitimae</strong></span> <span class='ocrx_word' id='word_1_51' title='bbox 505 825 690 905; x_wconf 88' lang='lat' dir='ltr'><strong>postulationi</strong></span> <span class='ocrx_word' id='word_1_52' title='bbox 701 844 717 886; x_wconf 95' lang='lat' dir='ltr'><strong>a</strong></span> <span class='ocrx_word' id='word_1_53' title='bbox 732 824 900 904; x_wconf 90' lang='lat' dir='ltr'><strong>quibusdam</strong></span> <span class='ocrx_word' id='word_1_54' title='bbox 913 823 1098 886; x_wconf 78' lang='lat' dir='ltr'><strong>reclamatum</strong></span> <span class='ocrx_word' id='word_1_55' title='bbox 1113 834 1171 886; x_wconf 88' lang='lat' dir='ltr'><strong>est.</strong></span> 
     </span>
     <span class='ocr_line' id='line_1_8' title="bbox 164 907 1170 988; baseline -0.002 -18"><span class='ocrx_word' id='word_1_56' title='bbox 164 909 347 988; x_wconf 82' lang='lat' dir='ltr'><strong>Exprobrare</strong></span> <span class='ocrx_word' id='word_1_57' title='bbox 366 910 441 968; x_wconf 92' lang='lat' dir='ltr'><strong>enim</strong></span> <span class='ocrx_word' id='word_1_58' title='bbox 462 911 591 970; x_wconf 80' lang='lat' dir='ltr'><strong>censenti</strong></span> <span class='ocrx_word' id='word_1_59' title='bbox 613 909 794 970; x_wconf 86' lang='lat' dir='ltr'><strong>ambitionem</strong></span> <span class='ocrx_word' id='word_1_60' title='bbox 813 908 971 969; x_wconf 78' lang='lat' dir='ltr'><strong>videbatur.</strong></span> <span class='ocrx_word' id='word_1_61' title='bbox 1009 907 1068 968; x_wconf 87' lang='lat' dir='ltr'><strong>Sed</strong></span> <span class='ocrx_word' id='word_1_62' title='bbox 1087 909 1170 987; x_wconf 92' lang='lat' dir='ltr'><strong>prius</strong></span> 
     </span>
     <span class='ocr_line' id='line_1_9' title="bbox 166 990 1172 1072; baseline 0.001 -20"><span class='ocrx_word' id='word_1_63' title='bbox 166 1011 248 1072; x_wconf 85' lang='lat' dir='ltr'><strong>qnam</strong></span> <span class='ocrx_word' id='word_1_64' title='bbox 262 994 421 1056; x_wconf 88' lang='lat' dir='ltr'><strong>sententiae</strong></span> <span class='ocrx_word' id='word_1_65' title='bbox 437 991 610 1070; x_wconf 89' lang='lat' dir='ltr'><strong>dicerentur,</strong></span> <span class='ocrx_word' id='word_1_66' title='bbox 633 991 779 1071; x_wconf 77' lang='lat' dir='ltr'><strong>Nigrinus,</strong></span> <span class='ocrx_word' id='word_1_67' title='bbox 793 993 922 1053; x_wconf 87' lang='lat' dir='ltr'><strong>tribunos</strong></span> <span class='ocrx_word' id='word_1_68' title='bbox 936 990 1049 1071; x_wconf 89' lang='lat' dir='ltr'><strong>plebis,</strong></span> <span class='ocrx_word' id='word_1_69' title='bbox 1066 992 1172 1053; x_wconf 87' lang='lat' dir='ltr'><strong>recita·</strong></span> 
     </span>
     <span class='ocr_line' id='line_1_10' title="bbox 164 1075 1171 1155; baseline 0 -19"><span class='ocrx_word' id='word_1_70' title='bbox 164 1078 205 1138; x_wconf 84' lang='lat' dir='ltr'><strong>vit</strong></span> <span class='ocrx_word' id='word_1_71' title='bbox 220 1075 348 1136; x_wconf 91' lang='lat' dir='ltr'><strong>libellum</strong></span> <span class='ocrx_word' id='word_1_72' title='bbox 363 1075 499 1138; x_wconf 91' lang='lat' dir='ltr'><strong>disertum</strong></span> <span class='ocrx_word' id='word_1_73' title='bbox 515 1086 544 1137; x_wconf 91' lang='lat' dir='ltr'><strong>et</strong></span> <span class='ocrx_word' id='word_1_74' title='bbox 559 1093 687 1154; x_wconf 80' lang='lat' dir='ltr'><strong>gravem,</strong></span> <span class='ocrx_word' id='word_1_75' title='bbox 704 1093 760 1155; x_wconf 92' lang='lat' dir='ltr'><strong>quo</strong></span> <span class='ocrx_word' id='word_1_76' title='bbox 776 1084 894 1154; x_wconf 88' lang='lat' dir='ltr'><strong>questus</strong></span> <span class='ocrx_word' id='word_1_77' title='bbox 910 1085 955 1136; x_wconf 90' lang='lat' dir='ltr'><strong>est</strong></span> <span class='ocrx_word' id='word_1_78' title='bbox 969 1077 1068 1136; x_wconf 87' lang='lat' dir='ltr'><strong>venire</strong></span> <span class='ocrx_word' id='word_1_79' title='bbox 1081 1076 1171 1137; x_wconf 81' lang='lat' dir='ltr'><strong>adro·</strong></span> 
     </span>
     <span class='ocr_line' id='line_1_11' title="bbox 166 1157 1213 1241; baseline 0.006 -21"><span class='ocrx_word' id='word_1_80' title='bbox 166 1162 309 1238; x_wconf 86' lang='lat' dir='ltr'><strong>cationes,</strong></span> <span class='ocrx_word' id='word_1_81' title='bbox 333 1163 431 1221; x_wconf 88' lang='lat' dir='ltr'><strong>venire</strong></span> <span class='ocrx_word' id='word_1_82' title='bbox 447 1161 531 1221; x_wconf 89' lang='lat' dir='ltr'><strong>etiam</strong></span> <span class='ocrx_word' id='word_1_83' title='bbox 544 1162 817 1241; x_wconf 80' lang='lat' dir='ltr'><strong>praevaricationes,</strong></span> <span class='ocrx_word' id='word_1_84' title='bbox 834 1161 862 1219; x_wconf 93' lang='lat' dir='ltr'><strong>in</strong></span> <span class='ocrx_word' id='word_1_85' title='bbox 876 1159 942 1220; x_wconf 91' lang='lat' dir='ltr'><strong>lites</strong></span> <span class='ocrx_word' id='word_1_86' title='bbox 959 1160 1046 1236; x_wconf 87' lang='lat' dir='ltr'><strong>coiri,</strong></span> <span class='ocrx_word' id='word_1_87' title='bbox 1061 1168 1092 1220; x_wconf 89' lang='lat' dir='ltr'><strong>et</strong></span> <span class='ocrx_word' id='word_1_88' title='bbox 1105 1157 1213 1238; x_wconf 83' lang='lat' dir='ltr'><strong>glo-1⁰</strong></span> 
     </span>
     <span class='ocr_line' id='line_1_12' title="bbox 141 1242 1170 1323; baseline -0.001 -19"><span class='ocrx_word' id='word_1_89' title='bbox 141 1243 223 1306; x_wconf 76' lang='lat' dir='ltr'><strong>triae</strong></span> <span class='ocrx_word' id='word_1_90' title='bbox 240 1243 307 1305; x_wconf 90' lang='lat' dir='ltr'><strong>loco</strong></span> <span class='ocrx_word' id='word_1_91' title='bbox 321 1245 389 1323; x_wconf 93' lang='lat' dir='ltr'><strong>poni</strong></span> <span class='ocrx_word' id='word_1_92' title='bbox 403 1262 440 1304; x_wconf 89' lang='lat' dir='ltr'><strong>cx</strong></span> <span class='ocrx_word' id='word_1_93' title='bbox 454 1243 556 1323; x_wconf 91' lang='lat' dir='ltr'><strong>spoliis</strong></span> <span class='ocrx_word' id='word_1_94' title='bbox 572 1245 674 1306; x_wconf 87' lang='lat' dir='ltr'><strong>civium</strong></span> <span class='ocrx_word' id='word_1_95' title='bbox 687 1261 805 1322; x_wconf 79' lang='lat' dir='ltr'><strong>magnos</strong></span> <span class='ocrx_word' id='word_1_96' title='bbox 821 1252 850 1303; x_wconf 94' lang='lat' dir='ltr'><strong>et</strong></span> <span class='ocrx_word' id='word_1_97' title='bbox 866 1251 956 1306; x_wconf 89' lang='lat' dir='ltr'><strong>statos</strong></span> <span class='ocrx_word' id='word_1_98' title='bbox 970 1242 1088 1304; x_wconf 88' lang='lat' dir='ltr'><strong>reditus.</strong></span> <span class='ocrx_word' id='word_1_99' title='bbox 1110 1243 1170 1303; x_wconf 90' lang='lat' dir='ltr'><strong>Re·</strong></span> 
     </span>
     <span class='ocr_line' id='line_1_13' title="bbox 166 1326 1171 1407; baseline 0 -19"><span class='ocrx_word' id='word_1_100' title='bbox 166 1328 263 1388; x_wconf 79' lang='lat' dir='ltr'><strong>citauit</strong></span> <span class='ocrx_word' id='word_1_101' title='bbox 283 1330 375 1407; x_wconf 89' lang='lat' dir='ltr'><strong>capita</strong></span> <span class='ocrx_word' id='word_1_102' title='bbox 395 1327 508 1407; x_wconf 76' lang='lat' dir='ltr'><strong>legum,</strong></span> <span class='ocrx_word' id='word_1_103' title='bbox 531 1327 672 1389; x_wconf 88' lang='lat' dir='ltr'><strong>admonuit</strong></span> <span class='ocrx_word' id='word_1_104' title='bbox 694 1337 809 1389; x_wconf 86' lang='lat' dir='ltr'><strong>senatus</strong></span> <span class='ocrx_word' id='word_1_105' title='bbox 831 1326 1038 1387; x_wconf 87' lang='lat' dir='ltr'><strong>consultorum:</strong></span> <span class='ocrx_word' id='word_1_106' title='bbox 1063 1329 1092 1387; x_wconf 92' lang='lat' dir='ltr'><strong>in</strong></span> <span class='ocrx_word' id='word_1_107' title='bbox 1113 1327 1171 1388; x_wconf 86' lang='lat' dir='ltr'><strong>dne</strong></span> 
     </span>
     <span class='ocr_line' id='line_1_14' title="bbox 166 1408 1170 1492; baseline 0.001 -21"><span class='ocrx_word' id='word_1_108' title='bbox 166 1411 234 1471; x_wconf 83' lang='lat' dir='ltr'><strong>dixit</strong></span> <span class='ocrx_word' id='word_1_109' title='bbox 248 1411 401 1492; x_wconf 90' lang='lat' dir='ltr'><strong>petendum</strong></span> <span class='ocrx_word' id='word_1_110' title='bbox 417 1413 451 1473; x_wconf 91' lang='lat' dir='ltr'><strong>ab</strong></span> <span class='ocrx_word' id='word_1_111' title='bbox 468 1413 575 1490; x_wconf 91' lang='lat' dir='ltr'><strong>optimo</strong></span> <span class='ocrx_word' id='word_1_112' title='bbox 591 1413 720 1492; x_wconf 90' lang='lat' dir='ltr'><strong>principe</strong></span> <span class='ocrx_word' id='word_1_113' title='bbox 732 1420 774 1491; x_wconf 90' lang='lat' dir='ltr'><strong>ut,</strong></span> <span class='ocrx_word' id='word_1_114' title='bbox 790 1413 855 1492; x_wconf 89' lang='lat' dir='ltr'><strong>qnia</strong></span> <span class='ocrx_word' id='word_1_115' title='bbox 865 1408 960 1488; x_wconf 82' lang='lat' dir='ltr'><strong>leges,</strong></span> <span class='ocrx_word' id='word_1_116' title='bbox 974 1412 1038 1489; x_wconf 84' lang='lat' dir='ltr'><strong>qnia</strong></span> <span class='ocrx_word' id='word_1_117' title='bbox 1051 1420 1170 1472; x_wconf 85' lang='lat' dir='ltr'><strong>senatus</strong></span> 
     </span>
     <span class='ocr_line' id='line_1_15' title="bbox 140 1493 1169 1574; baseline 0.002 -22"><span class='ocrx_word' id='word_1_118' title='bbox 140 1493 297 1555; x_wconf 86' lang='lat' dir='ltr'><strong>8consulta</strong></span> <span class='ocrx_word' id='word_1_119' title='bbox 313 1503 577 1572; x_wconf 87' lang='lat' dir='ltr'><strong>contemnerentur,</strong></span> <span class='ocrx_word' id='word_1_120' title='bbox 598 1499 661 1574; x_wconf 91' lang='lat' dir='ltr'><strong>ipse</strong></span> <span class='ocrx_word' id='word_1_121' title='bbox 683 1497 765 1556; x_wconf 92' lang='lat' dir='ltr'><strong>tantis</strong></span> <span class='ocrx_word' id='word_1_122' title='bbox 787 1496 863 1556; x_wconf 89' lang='lat' dir='ltr'><strong>vitiis</strong></span> <span class='ocrx_word' id='word_1_123' title='bbox 877 1493 1049 1556; x_wconf 85' lang='lat' dir='ltr'><strong>mederetur.</strong></span> <span class='ocrx_word' id='word_1_124' title='bbox 1081 1495 1169 1556; x_wconf 87' lang='lat' dir='ltr'><strong>Pauci</strong></span> 
     </span>
     <span class='ocr_line' id='line_1_16' title="bbox 166 1577 1212 1657; baseline -0.001 -21"><span class='ocrx_word' id='word_1_125' title='bbox 166 1577 245 1655; x_wconf 91' lang='lat' dir='ltr'><strong>dies,</strong></span> <span class='ocrx_word' id='word_1_126' title='bbox 271 1586 302 1637; x_wconf 89' lang='lat' dir='ltr'><strong>et</strong></span> <span class='ocrx_word' id='word_1_127' title='bbox 322 1577 396 1638; x_wconf 91' lang='lat' dir='ltr'><strong>liber</strong></span> <span class='ocrx_word' id='word_1_128' title='bbox 412 1579 548 1657; x_wconf 88' lang='lat' dir='ltr'><strong>principis</strong></span> <span class='ocrx_word' id='word_1_129' title='bbox 573 1596 694 1639; x_wconf 88' lang='lat' dir='ltr'><strong>sevems</strong></span> <span class='ocrx_word' id='word_1_130' title='bbox 712 1588 852 1639; x_wconf 89' lang='lat' dir='ltr'><strong>ettamen</strong></span> <span class='ocrx_word' id='word_1_131' title='bbox 871 1577 1050 1638; x_wconf 88' lang='lat' dir='ltr'><strong>moderatus:</strong></span> <span class='ocrx_word' id='word_1_132' title='bbox 1082 1578 1166 1656; x_wconf 73' lang='lat' dir='ltr'><strong>leges</strong></span> <span class='ocrx_word' id='word_1_133' title='bbox 1179 1582 1212 1636; x_wconf 80' lang='lat'><strong>15</strong></span> 
     </span>
     <span class='ocr_line' id='line_1_17' title="bbox 165 1661 1245 1754; baseline 0.004 -35"><span class='ocrx_word' id='word_1_134' title='bbox 165 1662 274 1739; x_wconf 89' lang='lat' dir='ltr'><strong>ipsum;</strong></span> <span class='ocrx_word' id='word_1_135' title='bbox 286 1670 332 1721; x_wconf 89' lang='lat' dir='ltr'><strong>est</strong></span> <span class='ocrx_word' id='word_1_136' title='bbox 342 1661 371 1720; x_wconf 94' lang='lat' dir='ltr'><strong>in</strong></span> <span class='ocrx_word' id='word_1_137' title='bbox 382 1661 505 1741; x_wconf 91' lang='lat' dir='ltr'><strong>publicis</strong></span> <span class='ocrx_word' id='word_1_138' title='bbox 515 1663 596 1722; x_wconf 90' lang='lat' dir='ltr'><strong>actis.</strong></span> <span class='ocrx_word' id='word_1_139' title='bbox 613 1661 703 1736; x_wconf 84' lang='lat' dir='ltr'><strong>Quam</strong></span> <span class='ocrx_word' id='word_1_140' title='bbox 713 1680 759 1723; x_wconf 90' lang='lat' dir='ltr'><strong>me</strong></span> <span class='ocrx_word' id='word_1_141' title='bbox 770 1661 1168 1742; x_wconf 79' lang='lat' dir='ltr'><strong>iuvatquodincausisagen·</strong></span> <span class='ocrx_word' id='word_1_142' title='bbox 1234 1726 1245 1754; x_wconf 41' lang='grc'>1</span> 
     </span>
     <span class='ocr_line' id='line_1_18' title="bbox 167 1743 1167 1823; baseline 0.001 -19"><span class='ocrx_word' id='word_1_143' title='bbox 167 1744 210 1805; x_wconf 93' lang='lat' dir='ltr'><strong>dis</strong></span> <span class='ocrx_word' id='word_1_144' title='bbox 230 1761 287 1805; x_wconf 92' lang='lat' dir='ltr'><strong>non</strong></span> <span class='ocrx_word' id='word_1_145' title='bbox 303 1743 388 1804; x_wconf 93' lang='lat' dir='ltr'><strong>modo</strong></span> <span class='ocrx_word' id='word_1_146' title='bbox 404 1747 536 1823; x_wconf 85' lang='lat' dir='ltr'><strong>pactione</strong></span> <span class='ocrx_word' id='word_1_147' title='bbox 552 1744 626 1806; x_wconf 93' lang='lat' dir='ltr'><strong>dono</strong></span> <span class='ocrx_word' id='word_1_148' title='bbox 644 1763 762 1806; x_wconf 92' lang='lat' dir='ltr'><strong>munere</strong></span> <span class='ocrx_word' id='word_1_149' title='bbox 777 1765 876 1806; x_wconf 87' lang='lat' dir='ltr'><strong>verum</strong></span> <span class='ocrx_word' id='word_1_150' title='bbox 890 1746 974 1807; x_wconf 86' lang='lat' dir='ltr'><strong>etiam</strong></span> <span class='ocrx_word' id='word_1_151' title='bbox 987 1748 1077 1807; x_wconf 85' lang='lat' dir='ltr'><strong>xeniis</strong></span> <span class='ocrx_word' id='word_1_152' title='bbox 1092 1763 1167 1806; x_wconf 92' lang='lat' dir='ltr'><strong>sem·</strong></span> 
     </span>
     <span class='ocr_line' id='line_1_19' title="bbox 141 1827 1168 1909; baseline 0.004 -24"><span class='ocrx_word' id='word_1_153' title='bbox 141 1831 220 1906; x_wconf 86' lang='lat' dir='ltr'><strong>9per</strong></span> <span class='ocrx_word' id='word_1_154' title='bbox 239 1827 374 1889; x_wconf 84' lang='lat' dir='ltr'><strong>abstinui!</strong></span> <span class='ocrx_word' id='word_1_155' title='bbox 396 1828 517 1906; x_wconf 86' lang='lat' dir='ltr'><strong>Oportet</strong></span> <span class='ocrx_word' id='word_1_156' title='bbox 532 1830 646 1907; x_wconf 90' lang='lat' dir='ltr'><strong>quidem</strong></span> <span class='ocrx_word' id='word_1_157' title='bbox 666 1847 739 1909; x_wconf 87' lang='lat' dir='ltr'><strong>quae</strong></span> <span class='ocrx_word' id='word_1_158' title='bbox 761 1839 827 1892; x_wconf 91' lang='lat' dir='ltr'><strong>sunt</strong></span> <span class='ocrx_word' id='word_1_159' title='bbox 844 1829 994 1890; x_wconf 86' lang='lat' dir='ltr'><strong>inhonesta</strong></span> <span class='ocrx_word' id='word_1_160' title='bbox 1014 1848 1070 1891; x_wconf 94' lang='lat' dir='ltr'><strong>non</strong></span> <span class='ocrx_word' id='word_1_161' title='bbox 1086 1833 1168 1908; x_wconf 90' lang='lat' dir='ltr'><strong>quasi</strong></span> 
     </span>
     <span class='ocr_line' id='line_1_20' title="bbox 166 1910 1168 1993; baseline 0.004 -24"><span class='ocrx_word' id='word_1_162' title='bbox 166 1910 271 1971; x_wconf 91' lang='lat' dir='ltr'><strong>inlicita</strong></span> <span class='ocrx_word' id='word_1_163' title='bbox 290 1911 343 1972; x_wconf 91' lang='lat' dir='ltr'><strong>sed</strong></span> <span class='ocrx_word' id='word_1_164' title='bbox 360 1914 439 1990; x_wconf 88' lang='lat' dir='ltr'><strong>quasi</strong></span> <span class='ocrx_word' id='word_1_165' title='bbox 456 1911 587 1991; x_wconf 88' lang='lat' dir='ltr'><strong>pudenda</strong></span> <span class='ocrx_word' id='word_1_166' title='bbox 601 1915 707 1974; x_wconf 84' lang='lat' dir='ltr'><strong>vitare:</strong></span> <span class='ocrx_word' id='word_1_167' title='bbox 734 1914 884 1975; x_wconf 88' lang='lat' dir='ltr'><strong>iucundum</strong></span> <span class='ocrx_word' id='word_1_168' title='bbox 903 1924 1013 1992; x_wconf 91' lang='lat' dir='ltr'><strong>tamen,</strong></span> <span class='ocrx_word' id='word_1_169' title='bbox 1033 1915 1057 1976; x_wconf 90' lang='lat' dir='ltr'><strong>si</strong></span> <span class='ocrx_word' id='word_1_170' title='bbox 1071 1913 1168 1993; x_wconf 91' lang='lat' dir='ltr'><strong>probi·</strong></span> 
     </span>
    </p>

    <p class='ocr_par' dir='ltr' id='par_1_3' title="bbox 124 1994 1282 2474">
     <span class='ocr_line' id='line_1_21' title="bbox 124 1994 1282 2077; baseline 0.007 -27"><span class='ocrx_word' id='word_1_171' title='bbox 124 1998 158 2051; x_wconf 91' lang='lat'><strong>10</strong></span> <span class='ocrx_word' id='word_1_172' title='bbox 165 1995 227 2056; x_wconf 91' lang='lat' dir='ltr'><strong>beri</strong></span> <span class='ocrx_word' id='word_1_173' title='bbox 249 1994 371 2076; x_wconf 67' lang='lat' dir='ltr'><strong>publice,</strong></span> <span class='ocrx_word' id='word_1_174' title='bbox 386 1995 485 2056; x_wconf 85' lang='lat' dir='ltr'><strong>videas</strong></span> <span class='ocrx_word' id='word_1_175' title='bbox 505 1999 581 2075; x_wconf 90' lang='lat' dir='ltr'><strong>quod</strong></span> <span class='ocrx_word' id='word_1_176' title='bbox 598 2014 747 2075; x_wconf 84' lang='lat' dir='ltr'><strong>numquam</strong></span> <span class='ocrx_word' id='word_1_177' title='bbox 760 1998 811 2058; x_wconf 92' lang='lat' dir='ltr'><strong>tibi</strong></span> <span class='ocrx_word' id='word_1_178' title='bbox 824 2000 890 2077; x_wconf 90' lang='lat' dir='ltr'><strong>ipse</strong></span> <span class='ocrx_word' id='word_1_179' title='bbox 903 1999 1078 2077; x_wconf 86' lang='lat' dir='ltr'><strong>permiseris.</strong></span> <span class='ocrx_word' id='word_1_180' title='bbox 1089 1999 1092 2006; x_wconf 89' lang='lat'>&#39;</span> <span class='ocrx_word' id='word_1_181' title='bbox 1105 1996 1211 2059; x_wconf 72' lang='lat' dir='ltr'><strong>Eritne</strong></span> <span class='ocrx_word' id='word_1_182' title='bbox 1281 2051 1282 2058; x_wconf 71' lang='grc'>,</span> 
     </span>
     <span class='ocr_line' id='line_1_22' title="bbox 163 2079 1167 2160; baseline 0.004 -21"><span class='ocrx_word' id='word_1_183' title='bbox 163 2079 304 2158; x_wconf 83' lang='lat' dir='ltr'><strong>fortasse,</strong></span> <span class='ocrx_word' id='word_1_184' title='bbox 326 2082 412 2140; x_wconf 91' lang='lat' dir='ltr'><strong>immo</strong></span> <span class='ocrx_word' id='word_1_185' title='bbox 432 2098 488 2141; x_wconf 93' lang='lat' dir='ltr'><strong>non</strong></span> <span class='ocrx_word' id='word_1_186' title='bbox 509 2080 593 2141; x_wconf 91' lang='lat' dir='ltr'><strong>dubie</strong></span> <span class='ocrx_word' id='word_1_187' title='bbox 614 2081 696 2141; x_wconf 90' lang='lat' dir='ltr'><strong>huius</strong></span> <span class='ocrx_word' id='word_1_188' title='bbox 716 2082 857 2160; x_wconf 89' lang='lat' dir='ltr'><strong>propositi</strong></span> <span class='ocrx_word' id='word_1_189' title='bbox 875 2084 931 2142; x_wconf 86' lang='lat' dir='ltr'><strong>mei</strong></span> <span class='ocrx_word' id='word_1_190' title='bbox 949 2091 979 2142; x_wconf 93' lang='lat' dir='ltr'><strong>et</strong></span> <span class='ocrx_word' id='word_1_191' title='bbox 1000 2081 1091 2141; x_wconf 91' lang='lat' dir='ltr'><strong>minor</strong></span> <span class='ocrx_word' id='word_1_192' title='bbox 1104 2079 1167 2144; x_wconf 88' lang='lat' dir='ltr'><strong>laus</strong></span> 
     </span>
     <span class='ocr_line' id='line_1_23' title="bbox 164 2164 1167 2244; baseline 0.002 -20"><span class='ocrx_word' id='word_1_193' title='bbox 164 2172 194 2224; x_wconf 90' lang='lat' dir='ltr'><strong>et</strong></span> <span class='ocrx_word' id='word_1_194' title='bbox 211 2164 361 2225; x_wconf 89' lang='lat' dir='ltr'><strong>obscurior</strong></span> <span class='ocrx_word' id='word_1_195' title='bbox 375 2165 458 2242; x_wconf 80' lang='lat' dir='ltr'><strong>fama,</strong></span> <span class='ocrx_word' id='word_1_196' title='bbox 476 2181 539 2224; x_wconf 95' lang='lat' dir='ltr'><strong>cum</strong></span> <span class='ocrx_word' id='word_1_197' title='bbox 553 2183 652 2225; x_wconf 90' lang='lat' dir='ltr'><strong>omnes</strong></span> <span class='ocrx_word' id='word_1_198' title='bbox 664 2183 701 2223; x_wconf 88' lang='lat' dir='ltr'><strong>ex</strong></span> <span class='ocrx_word' id='word_1_199' title='bbox 715 2166 888 2226; x_wconf 86' lang='lat' dir='ltr'><strong>necessitate</strong></span> <span class='ocrx_word' id='word_1_200' title='bbox 903 2165 1007 2226; x_wconf 86' lang='lat' dir='ltr'><strong>facient</strong></span> <span class='ocrx_word' id='word_1_201' title='bbox 1018 2165 1095 2244; x_wconf 91' lang='lat' dir='ltr'><strong>quod</strong></span> <span class='ocrx_word' id='word_1_202' title='bbox 1109 2183 1167 2244; x_wconf 77' lang='lat' dir='ltr'><strong>ego</strong></span> 
     </span>
     <span class='ocr_line' id='line_1_24' title="bbox 163 2247 1167 2328; baseline 0.002 -21"><span class='ocrx_word' id='word_1_203' title='bbox 163 2257 267 2326; x_wconf 92' lang='lat' dir='ltr'><strong>sponte</strong></span> <span class='ocrx_word' id='word_1_204' title='bbox 278 2248 427 2312; x_wconf 84' lang='lat' dir='ltr'><strong>faciebam.</strong></span> <span class='ocrx_word' id='word_1_205' title='bbox 447 2247 561 2309; x_wconf 87' lang='lat' dir='ltr'><strong>Inten&#39;m</strong></span> <span class='ocrx_word' id='word_1_206' title='bbox 572 2248 653 2308; x_wconf 89' lang='lat' dir='ltr'><strong>fruor</strong></span> <span class='ocrx_word' id='word_1_207' title='bbox 662 2247 821 2327; x_wconf 90' lang='lat' dir='ltr'><strong>voluptate,</strong></span> <span class='ocrx_word' id='word_1_208' title='bbox 834 2266 898 2310; x_wconf 92' lang='lat' dir='ltr'><strong>cum</strong></span> <span class='ocrx_word' id='word_1_209' title='bbox 911 2248 958 2309; x_wconf 89' lang='lat' dir='ltr'><strong>alii</strong></span> <span class='ocrx_word' id='word_1_210' title='bbox 973 2248 1094 2309; x_wconf 87' lang='lat' dir='ltr'><strong>divinum</strong></span> <span class='ocrx_word' id='word_1_211' title='bbox 1108 2267 1167 2328; x_wconf 87' lang='lat' dir='ltr'><strong>me,</strong></span> 
     </span>
     <span class='ocr_line' id='line_1_25' title="bbox 163 2329 1168 2413; baseline 0.003 -24"><span class='ocrx_word' id='word_1_212' title='bbox 163 2329 210 2389; x_wconf 83' lang='lat' dir='ltr'><strong>alii</strong></span> <span class='ocrx_word' id='word_1_213' title='bbox 221 2332 293 2391; x_wconf 90' lang='lat' dir='ltr'><strong>meis</strong></span> <span class='ocrx_word' id='word_1_214' title='bbox 309 2332 426 2409; x_wconf 89' lang='lat' dir='ltr'><strong>rapinis,</strong></span> <span class='ocrx_word' id='word_1_215' title='bbox 442 2348 523 2392; x_wconf 84' lang='lat' dir='ltr'><strong>meae</strong></span> <span class='ocrx_word' id='word_1_216' title='bbox 538 2331 669 2392; x_wconf 84' lang='lat' dir='ltr'><strong>avaritiae</strong></span> <span class='ocrx_word' id='word_1_217' title='bbox 684 2348 834 2393; x_wconf 87' lang='lat' dir='ltr'><strong>occursum</strong></span> <span class='ocrx_word' id='word_1_218' title='bbox 845 2352 899 2413; x_wconf 90' lang='lat' dir='ltr'><strong>per</strong></span> <span class='ocrx_word' id='word_1_219' title='bbox 913 2332 1008 2393; x_wconf 88' lang='lat' dir='ltr'><strong>ludum</strong></span> <span class='ocrx_word' id='word_1_220' title='bbox 1022 2351 1056 2394; x_wconf 91' lang='lat' dir='ltr'><strong>ac</strong></span> <span class='ocrx_word' id='word_1_221' title='bbox 1071 2334 1168 2393; x_wconf 92' lang='lat' dir='ltr'><strong>iocum</strong></span> 
     </span>
     <span class='ocr_line' id='line_1_26' title="bbox 163 2411 1209 2474; baseline 0.003 -3"><span class='ocrx_word' id='word_1_222' title='bbox 163 2411 299 2474; x_wconf 86' lang='lat' dir='ltr'><strong>dictitant.</strong></span> <span class='ocrx_word' id='word_1_223' title='bbox 334 2413 415 2474; x_wconf 88' lang='lat' dir='ltr'><strong>Vale.</strong></span> <span class='ocrx_word' id='word_1_224' title='bbox 1175 2417 1209 2474; x_wconf 71' lang='lat' dir='ltr'><strong>bd</strong></span> 
     </span>
    </p>
   </div>
   <div class='ocr_carea' id='block_1_3' title="bbox 450 2545 879 2699">
    <p class='ocr_par' dir='ltr' id='par_1_4' title="bbox 450 2545 879 2699">
     <span class='ocr_line' id='line_1_27' title="bbox 562 2545 762 2629; baseline 0.005 -22"><span class='ocrx_word' id='word_1_225' title='bbox 562 2545 654 2608; x_wconf 82' lang='lat' dir='ltr'><strong>nitu.</strong></span> <span class='ocrx_word' id='word_1_226' title='bbox 678 2547 762 2629; x_wconf 69' lang='grc' dir='ltr'><strong>[κη</strong></span> 
     </span>
     <span class='ocr_line' id='line_1_28' title="bbox 450 2645 879 2699; baseline 0.002 -3"><span class='ocrx_word' id='word_1_227' title='bbox 450 2645 477 2696; x_wconf 84' lang='lat' dir='ltr'><strong>C.</strong></span> <span class='ocrx_word' id='word_1_228' title='bbox 495 2647 620 2698; x_wconf 89' lang='lat' dir='ltr'>PLINIUS</span> <span class='ocrx_word' id='word_1_229' title='bbox 637 2646 754 2699; x_wconf 87' lang='lat' dir='ltr'>PONTIO</span> <span class='ocrx_word' id='word_1_230' title='bbox 774 2647 834 2699; x_wconf 89' lang='lat' dir='ltr'><strong>SUO</strong></span> <span class='ocrx_word' id='word_1_231' title='bbox 853 2645 879 2697; x_wconf 77' lang='lat' dir='ltr'><strong>S.</strong></span> 
     </span>
    </p>
   </div>
   <div class='ocr_carea' id='block_1_4' title="bbox 135 2745 1282 3581">
    <p class='ocr_par' dir='ltr' id='par_1_5' title="bbox 135 2745 1282 3581">
     <span class='ocr_line' id='line_1_29' title="bbox 138 2745 1167 2829; baseline 0.003 -24"><span class='ocrx_word' id='word_1_232' title='bbox 138 2761 154 2812; x_wconf 92' lang='lat' dir='ltr'>l</span> <span class='ocrx_word' id='word_1_233' title='bbox 225 2746 411 2808; x_wconf 86' lang='lat' dir='ltr'><strong>Secesseram</strong></span> <span class='ocrx_word' id='word_1_234' title='bbox 428 2748 457 2808; x_wconf 93' lang='lat' dir='ltr'><strong>in</strong></span> <span class='ocrx_word' id='word_1_235' title='bbox 477 2749 673 2829; x_wconf 91' lang='lat' dir='ltr'><strong>municipium,</strong></span> <span class='ocrx_word' id='word_1_236' title='bbox 696 2767 760 2813; x_wconf 88' lang='lat' dir='ltr'><strong>cum</strong></span> <span class='ocrx_word' id='word_1_237' title='bbox 779 2749 845 2808; x_wconf 90' lang='lat' dir='ltr'><strong>mibi</strong></span> <span class='ocrx_word' id='word_1_238' title='bbox 867 2748 1020 2810; x_wconf 89' lang='lat' dir='ltr'><strong>nuntiatum</strong></span> <span class='ocrx_word' id='word_1_239' title='bbox 1034 2756 1080 2809; x_wconf 90' lang='lat' dir='ltr'><strong>est</strong></span> <span class='ocrx_word' id='word_1_240' title='bbox 1095 2745 1167 2808; x_wconf 76' lang='lat' dir='ltr'><strong>Gor·</strong></span> 
     </span>
     <span class='ocr_line' id='line_1_30' title="bbox 137 2829 1208 2911; baseline 0.006 -23"><span class='ocrx_word' id='word_1_241' title='bbox 137 2838 259 2895; x_wconf 79' lang='lat' dir='ltr'><strong>nautum</strong></span> <span class='ocrx_word' id='word_1_242' title='bbox 274 2829 432 2891; x_wconf 78' lang='lat' dir='ltr'><strong>Tertullum</strong></span> <span class='ocrx_word' id='word_1_243' title='bbox 445 2832 599 2911; x_wconf 82' lang='lat' dir='ltr'><strong>accepisse</strong></span> <span class='ocrx_word' id='word_1_244' title='bbox 620 2833 759 2895; x_wconf 82' lang='lat' dir='ltr'><strong>Aemiliae</strong></span> <span class='ocrx_word' id='word_1_245' title='bbox 779 2833 843 2892; x_wconf 84' lang='lat' dir='ltr'><strong>viae</strong></span> <span class='ocrx_word' id='word_1_246' title='bbox 859 2849 965 2892; x_wconf 90' lang='lat' dir='ltr'><strong>curam.</strong></span> <span class='ocrx_word' id='word_1_247' title='bbox 996 2830 1208 2911; x_wconf 77' lang='lat' dir='ltr'><strong>nxpnnereeo</strong></span> 
     </span>
     <span class='ocr_line' id='line_1_31' title="bbox 162 2915 1282 2995; baseline 0.004 -23"><span class='ocrx_word' id='word_1_248' title='bbox 162 2930 219 2973; x_wconf 91' lang='lat' dir='ltr'><strong>non</strong></span> <span class='ocrx_word' id='word_1_249' title='bbox 232 2930 350 2991; x_wconf 92' lang='lat' dir='ltr'><strong>possum</strong></span> <span class='ocrx_word' id='word_1_250' title='bbox 365 2924 469 2993; x_wconf 82' lang='lat' dir='ltr'><strong>quanto</strong></span> <span class='ocrx_word' id='word_1_251' title='bbox 485 2916 537 2976; x_wconf 91' lang='lat' dir='ltr'><strong>sim</strong></span> <span class='ocrx_word' id='word_1_252' title='bbox 557 2915 661 2994; x_wconf 69' lang='lat' dir='ltr'><strong>gaudio</strong></span> <span class='ocrx_word' id='word_1_253' title='bbox 680 2916 811 2977; x_wconf 86' lang='lat' dir='ltr'><strong>adiectus</strong></span> <span class='ocrx_word' id='word_1_254' title='bbox 827 2924 856 2977; x_wconf 88' lang='lat' dir='ltr'><strong>et</strong></span> <span class='ocrx_word' id='word_1_255' title='bbox 871 2917 962 2995; x_wconf 91' lang='lat' dir='ltr'><strong>ipsius</strong></span> <span class='ocrx_word' id='word_1_256' title='bbox 982 2924 1012 2976; x_wconf 87' lang='lat' dir='ltr'><strong>ct</strong></span> <span class='ocrx_word' id='word_1_257' title='bbox 1029 2932 1095 2976; x_wconf 87' lang='lat' dir='ltr'><strong>meo</strong></span> <span class='ocrx_word' id='word_1_258' title='bbox 1114 2933 1167 2977; x_wconf 91' lang='lat' dir='ltr'><strong>no·</strong></span> <span class='ocrx_word' id='word_1_259' title='bbox 1281 2979 1282 2994; x_wconf 58' lang='lat'><strong>,</strong></span> 
     </span>
     <span class='ocr_line' id='line_1_32' title="bbox 162 2997 1282 3078; baseline 0.005 -23"><span class='ocrx_word' id='word_1_260' title='bbox 162 2997 251 3066; x_wconf 88' lang='lat' dir='ltr'><strong>mine;</strong></span> <span class='ocrx_word' id='word_1_261' title='bbox 266 2997 367 3075; x_wconf 90' lang='lat' dir='ltr'><strong>ipsius,</strong></span> <span class='ocrx_word' id='word_1_262' title='bbox 384 2997 470 3075; x_wconf 90' lang='lat' dir='ltr'><strong>quod,</strong></span> <span class='ocrx_word' id='word_1_263' title='bbox 486 2998 523 3058; x_wconf 88' lang='lat' dir='ltr'><strong>sit</strong></span> <span class='ocrx_word' id='word_1_264' title='bbox 536 2997 615 3078; x_wconf 86' lang='lat' dir='ltr'><strong>iicet,</strong></span> <span class='ocrx_word' id='word_1_265' title='bbox 632 3001 769 3078; x_wconf 89' lang='lat' dir='ltr'><strong>sicutest,</strong></span> <span class='ocrx_word' id='word_1_266' title='bbox 784 2999 819 3060; x_wconf 83' lang='lat' dir='ltr'><strong>eb</strong></span> <span class='ocrx_word' id='word_1_267' title='bbox 831 3001 905 3060; x_wconf 93' lang='lat' dir='ltr'><strong>omni</strong></span> <span class='ocrx_word' id='word_1_268' title='bbox 916 3000 1067 3060; x_wconf 82' lang='lat' dir='ltr'><strong>ambitione</strong></span> <span class='ocrx_word' id='word_1_269' title='bbox 1079 2999 1167 3078; x_wconf 77' lang='lat' dir='ltr'><strong>longe</strong></span> <span class='ocrx_word' id='word_1_270' title='bbox 1281 3013 1282 3070; x_wconf 63' lang='grc' dir='ltr'>ζ</span> 
     </span>
     <span class='ocr_line' id='line_1_33' title="bbox 161 3079 1166 3162; baseline 0.005 -23"><span class='ocrx_word' id='word_1_271' title='bbox 161 3089 298 3159; x_wconf 90' lang='lat' dir='ltr'><strong>remotus,</strong></span> <span class='ocrx_word' id='word_1_272' title='bbox 315 3079 401 3142; x_wconf 91' lang='lat' dir='ltr'><strong>debet</strong></span> <span class='ocrx_word' id='word_1_273' title='bbox 417 3090 509 3141; x_wconf 87' lang='lat' dir='ltr'><strong>tamen</strong></span> <span class='ocrx_word' id='word_1_274' title='bbox 523 3085 550 3143; x_wconf 92' lang='lat' dir='ltr'><strong>ei</strong></span> <span class='ocrx_word' id='word_1_275' title='bbox 561 3084 698 3147; x_wconf 89' lang='lat' dir='ltr'><strong>iucundus</strong></span> <span class='ocrx_word' id='word_1_276' title='bbox 709 3085 801 3146; x_wconf 93' lang='lat' dir='ltr'><strong>bonor</strong></span> <span class='ocrx_word' id='word_1_277' title='bbox 812 3101 879 3145; x_wconf 86' lang='lat' dir='ltr'><strong>esse</strong></span> <span class='ocrx_word' id='word_1_278' title='bbox 890 3082 964 3144; x_wconf 77' lang='lat' dir='ltr'><strong>ulmo</strong></span> <span class='ocrx_word' id='word_1_279' title='bbox 978 3083 1074 3152; x_wconf 86' lang='lat' dir='ltr'><strong>datus;</strong></span> <span class='ocrx_word' id='word_1_280' title='bbox 1088 3101 1166 3162; x_wconf 90' lang='lat' dir='ltr'><strong>meo,</strong></span> 
     </span>
     <span class='ocr_line' id='line_1_34' title="bbox 164 3164 1165 3246; baseline 0.003 -23"><span class='ocrx_word' id='word_1_281' title='bbox 164 3164 241 3242; x_wconf 91' lang='lat' dir='ltr'><strong>quod</strong></span> <span class='ocrx_word' id='word_1_282' title='bbox 262 3164 403 3244; x_wconf 86' lang='lat' dir='ltr'><strong>aliquanto</strong></span> <span class='ocrx_word' id='word_1_283' title='bbox 430 3167 520 3243; x_wconf 78' lang='lat' dir='ltr'><strong>magis</strong></span> <span class='ocrx_word' id='word_1_284' title='bbox 542 3185 588 3228; x_wconf 91' lang='lat' dir='ltr'><strong>me</strong></span> <span class='ocrx_word' id='word_1_285' title='bbox 610 3167 735 3230; x_wconf 81' lang='lat' dir='ltr'><strong>delectet</strong></span> <span class='ocrx_word' id='word_1_286' title='bbox 758 3166 915 3229; x_wconf 89' lang='lat' dir='ltr'><strong>mandatum</strong></span> <span class='ocrx_word' id='word_1_287' title='bbox 935 3167 1004 3227; x_wconf 85' lang='lat' dir='ltr'><strong>mibi</strong></span> <span class='ocrx_word' id='word_1_288' title='bbox 1029 3165 1165 3246; x_wconf 80' lang='lat' dir='ltr'><strong>officium,</strong></span> 
     </span>
     <span class='ocr_line' id='line_1_35' title="bbox 135 3246 1204 3330; baseline 0.005 -22"><span class='ocrx_word' id='word_1_289' title='bbox 135 3254 313 3327; x_wconf 80' lang='lat' dir='ltr'><strong>ttpostquam</strong></span> <span class='ocrx_word' id='word_1_290' title='bbox 326 3266 379 3328; x_wconf 90' lang='lat' dir='ltr'><strong>par</strong></span> <span class='ocrx_word' id='word_1_291' title='bbox 394 3246 520 3310; x_wconf 80' lang='lat' dir='ltr'><strong>Gomuto</strong></span> <span class='ocrx_word' id='word_1_292' title='bbox 533 3249 625 3311; x_wconf 79' lang='lat' dir='ltr'><strong>domm</strong></span> <span class='ocrx_word' id='word_1_293' title='bbox 641 3253 736 3315; x_wconf 89' lang='lat' dir='ltr'><strong>video.</strong></span> <span class='ocrx_word' id='word_1_294' title='bbox 756 3249 859 3330; x_wconf 86' lang='lat' dir='ltr'><strong>Neque</strong></span> <span class='ocrx_word' id='word_1_295' title='bbox 873 3253 948 3312; x_wconf 90' lang='lat' dir='ltr'><strong>enim</strong></span> <span class='ocrx_word' id='word_1_296' title='bbox 962 3251 1061 3329; x_wconf 75' lang='lat' dir='ltr'><strong>sugeri</strong></span> <span class='ocrx_word' id='word_1_297' title='bbox 1075 3250 1204 3328; x_wconf 72' lang='lat' dir='ltr'><strong>digni-tt</strong></span> 
     </span>
     <span class='ocr_line' id='line_1_36' title="bbox 162 3331 1166 3414; baseline 0.002 -24"><span class='ocrx_word' id='word_1_298' title='bbox 162 3338 221 3392; x_wconf 83' lang='lat' dir='ltr'><strong>tete</strong></span> <span class='ocrx_word' id='word_1_299' title='bbox 237 3349 320 3411; x_wconf 71' lang='lat' dir='ltr'><strong>mam</strong></span> <span class='ocrx_word' id='word_1_300' title='bbox 335 3334 449 3412; x_wconf 83' lang='lat' dir='ltr'><strong>aequati</strong></span> <span class='ocrx_word' id='word_1_301' title='bbox 465 3332 547 3395; x_wconf 89' lang='lat' dir='ltr'><strong>bonis</strong></span> <span class='ocrx_word' id='word_1_302' title='bbox 563 3337 681 3412; x_wconf 82' lang='lat' dir='ltr'><strong>gratius.</strong></span> <span class='ocrx_word' id='word_1_303' title='bbox 712 3333 839 3397; x_wconf 86' lang='lat' dir='ltr'><strong>Gomuto</strong></span> <span class='ocrx_word' id='word_1_304' title='bbox 853 3343 946 3397; x_wconf 85' lang='lat' dir='ltr'><strong>autem</strong></span> <span class='ocrx_word' id='word_1_305' title='bbox 962 3335 1028 3414; x_wconf 88' lang='lat' dir='ltr'><strong>quid</strong></span> <span class='ocrx_word' id='word_1_306' title='bbox 1042 3331 1166 3396; x_wconf 77' lang='lat' dir='ltr'><strong>melius?</strong></span> 
     </span>
     <span class='ocr_line' id='line_1_37' title="bbox 163 3414 1166 3497; baseline 0.005 -23"><span class='ocrx_word' id='word_1_307' title='bbox 163 3414 230 3493; x_wconf 91' lang='lat' dir='ltr'><strong>quid</strong></span> <span class='ocrx_word' id='word_1_308' title='bbox 251 3414 397 3478; x_wconf 79' lang='lat' dir='ltr'><strong>sanetius?</strong></span> <span class='ocrx_word' id='word_1_309' title='bbox 419 3417 486 3497; x_wconf 93' lang='lat' dir='ltr'><strong>quid</strong></span> <span class='ocrx_word' id='word_1_310' title='bbox 505 3419 534 3478; x_wconf 90' lang='lat' dir='ltr'><strong>in</strong></span> <span class='ocrx_word' id='word_1_311' title='bbox 555 3420 630 3479; x_wconf 94' lang='lat' dir='ltr'><strong>omni</strong></span> <span class='ocrx_word' id='word_1_312' title='bbox 645 3436 755 3497; x_wconf 79' lang='lat' dir='ltr'><strong>genere</strong></span> <span class='ocrx_word' id='word_1_313' title='bbox 769 3418 859 3480; x_wconf 86' lang='lat' dir='ltr'><strong>laudis</strong></span> <span class='ocrx_word' id='word_1_314' title='bbox 871 3419 906 3480; x_wconf 84' lang='lat' dir='ltr'><strong>ad</strong></span> <span class='ocrx_word' id='word_1_315' title='bbox 920 3417 1082 3496; x_wconf 90' lang='lat' dir='ltr'><strong>exemplum</strong></span> <span class='ocrx_word' id='word_1_316' title='bbox 1096 3417 1166 3479; x_wconf 86' lang='lat' dir='ltr'><strong>anti·</strong></span> 
     </span>
     <span class='ocr_line' id='line_1_38' title="bbox 163 3498 1167 3581; baseline 0.006 -24"><span class='ocrx_word' id='word_1_317' title='bbox 163 3498 278 3577; x_wconf 87' lang='lat' dir='ltr'><strong>quitatis</strong></span> <span class='ocrx_word' id='word_1_318' title='bbox 300 3498 489 3580; x_wconf 80' lang='lat' dir='ltr'><strong>expressius?</strong></span> <span class='ocrx_word' id='word_1_319' title='bbox 511 3501 588 3581; x_wconf 89' lang='lat' dir='ltr'><strong>quod</strong></span> <span class='ocrx_word' id='word_1_320' title='bbox 607 3503 674 3562; x_wconf 86' lang='lat' dir='ltr'><strong>mibi</strong></span> <span class='ocrx_word' id='word_1_321' title='bbox 695 3505 838 3581; x_wconf 79' lang='lat' dir='ltr'><strong>cognitum</strong></span> <span class='ocrx_word' id='word_1_322' title='bbox 862 3512 908 3564; x_wconf 91' lang='lat' dir='ltr'><strong>est</strong></span> <span class='ocrx_word' id='word_1_323' title='bbox 927 3519 985 3563; x_wconf 91' lang='lat' dir='ltr'><strong>non</strong></span> <span class='ocrx_word' id='word_1_324' title='bbox 999 3501 1088 3581; x_wconf 81' lang='lat' dir='ltr'><strong>fama,</strong></span> <span class='ocrx_word' id='word_1_325' title='bbox 1109 3518 1167 3581; x_wconf 85' lang='lat' dir='ltr'><strong>qua</strong></span> 
     </span>
    </p>
   </div>
   <div class='ocr_carea' id='block_1_5' title="bbox 0 0 1296 3972">
    <p class='ocr_par' dir='ltr' id='par_1_6' title="bbox 0 0 1296 3972">
     <span class='ocr_line' id='line_1_39' title="bbox 0 0 1296 3972; baseline 0 1"><span class='ocrx_word' id='word_1_326' title='bbox 0 0 1296 3972; x_wconf 95' lang='lat' dir='ltr'><strong> </strong></span> 
     </span>
    </p>
   </div>
  </div>
 </body>
</html>
