2604 3972
196 251 260 315 aab
497 247 530 312 G.
552 249 649 312 Plle
670 249 720 311 ET
742 247 900 311 ruamur

196 403 273 484 quod
288 402 368 465 iossa
388 402 518 464 iacienda
533 413 578 465 est
598 404 723 464 incidunt
743 403 812 472 rivi3
836 402 928 481 quisi
948 401 1103 480 diligenter
1122 401 1207 462 colli·

170 497 314 566 lgantur,
336 488 482 565 augebant
502 486 573 548 illud
596 486 673 566 quod
688 486 768 548 lacus
783 485 904 546 dederit.
933 483 1087 546 Enimvero
1103 487 1127 546 si
1146 486 1207 563 pla·
1278 525 1279 550 r

197 581 262 633 ceat
283 571 391 632 fossam
411 571 525 648 longios
546 571 652 632 ducere
676 579 706 631 et
728 571 815 630 artius
837 587 968 649 pressam
988 571 1058 630 mari
1079 586 1207 648 aequare
1278 567 1279 628 Ξ

196 673 251 716 nec
265 657 294 717 ia
309 655 412 716 llumen
431 655 485 717 sed
506 657 534 715 in
550 657 644 735 ipsum
655 673 732 716 mare
747 656 895 731 emittere,
913 671 1104 732 repercussus
1120 654 1208 715 maris

198 740 322 801 servabit
337 748 367 800 et
379 740 533 819 reprimet,
555 737 691 817 quidquid
706 756 723 798 e
739 736 803 799 lacu
814 739 922 798 veniet.
953 736 1080 810 Quorum
1095 737 1119 798 si
1136 736 1233 800 nihils

197 824 282 885 nobis
297 821 356 882 loci
370 833 468 884 natura
481 831 658 902 praestaret,
671 821 842 900 ¹errpeditum
859 830 952 883 tamen
973 831 1034 882 erat
1054 824 1207 882 cataractis

173 920 289 986 eaquae
304 925 417 968 cursum
432 916 602 985 temperare.
633 905 740 966 Verum
762 914 791 965 et
812 904 885 966 baec
904 914 934 966 et
951 904 1005 966 alia
1019 902 1108 966 multo
1124 923 1208 983 saga·

199 993 261 1052 cias
282 991 432 1070 conquiret
453 989 673 1070 explorabitque
692 989 828 1066 librator,
850 1006 935 1067 quem
957 987 1058 1066 plane,
1080 987 1207 1066 domine,

198 1074 290 1136 debes
311 1076 441 1153 mittere,
463 1083 495 1136 ut
516 1073 674 1153 polliceris.
703 1071 757 1133 Est
774 1074 850 1132 enim
863 1089 911 1133 res
925 1072 1009 1150 digna
1023 1080 1053 1133 et
1066 1073 1207 1150 magnitu-

200 1158 264 1218 dine
287 1167 335 1220 tua
356 1167 386 1219 et
407 1175 482 1219 cura.
514 1157 580 1237 Ego
603 1158 715 1218 interim
736 1153 890 1235 calpurnio
909 1155 1024 1234 blacro,
1047 1156 1208 1218 clarissimo
1217 1170 1246 1224 ιο

198 1243 278 1319 viro,
301 1251 420 1303 auctore
439 1252 470 1304 te
490 1243 596 1321 scripsi
610 1251 641 1301 ut
657 1239 821 1301 libratorem
838 1257 920 1318 quam
936 1241 1056 1300 maxime
1072 1239 1209 1301 idoneum

198 1327 335 1387 mitteret.

591 1455 677 1517 uxrr.
700 1453 805 1534 [unna

536 1555 820 1608 rnnrnnusrsnuo
838 1555 865 1610 s,
1219 1581 1247 1634 1,

261 1654 441 1717 llaniiestum
456 1667 512 1734 cst,
524 1659 561 1716 mi
574 1657 707 1718 Secunde
723 1659 879 1736 carissime,
895 1677 950 1719 nec
961 1657 1139 1737 prudentiam
1152 1675 1210 1718 uec

200 1739 374 1818 diligentiam
395 1740 446 1800 tibi
468 1739 597 1802 defuisse
620 1742 697 1801 circa
718 1741 803 1803 istum
822 1742 930 1820 lacum,
962 1759 1024 1801 cum
1046 1750 1103 1801 tam
1122 1740 1209 1801 multa
1278 1811 1279 1816 η

200 1825 314 1903 provisa
331 1823 455 1902 babeas,
477 1842 531 1904 per
550 1842 623 1904 quae
642 1841 698 1885 nec
717 1824 897 1904 periclitetur
912 1824 1055 1886 exhauriri
1071 1834 1101 1885 et
1116 1825 1208 1902 magis

199 1909 227 1967 in
243 1925 312 1969 usus
333 1908 418 1968 nobis
438 1908 549 1969 loturus
565 1911 610 1969 ait.
646 1906 732 1985 Elige
749 1909 837 1986 igitur
852 1909 881 1970 id
897 1907 974 1989 quod
988 1911 1144 1989 praecipue
1159 1926 1208 1968 res
1278 1925 1279 1950 ἐ

200 1993 263 2069 ipsa
279 1993 409 2052 suaserit.
434 1989 617 2071 Calpurnium
631 1991 758 2052 blacrum
774 1995 862 2054 credo
877 1992 1016 2053 lecturum
1029 2002 1059 2053 ut
1076 2001 1106 2053 te
1125 1992 1246 2056 libre-ao
1278 2069 1279 2072 Ἴ

202 2084 264 2136 tore
276 2077 406 2155 instruat,
422 2093 517 2156 neque
531 2077 697 2157 provinciae
712 2076 784 2136 istae
799 2075 843 2136 bis
858 2077 1014 2138 artificibus
1030 2083 1138 2137 carent.

591 2205 692 2268 uxrrn
714 2206 813 2286 [xrrrp

422 2305 450 2360 Ο.
470 2305 594 2358 PLINIUS
612 2306 759 2356 TRAIANO
777 2306 984 2357 lMPERATOlll.

265 2405 387 2484 Scripsit
401 2404 485 2482 mibi,
503 2405 633 2482 domine,
649 2405 802 2481 Lycormas
816 2407 936 2468 libertus
950 2415 1032 2485 tuus,
1049 2416 1096 2485 ut,
1113 2409 1139 2468 si
1154 2415 1246 2486 queat
1278 2469 1279 2490 ,

202 2487 310 2566 legatio
324 2506 341 2548 a
354 2487 487 2566 Bosporo
500 2490 630 2550 uenisset
645 2489 745 2549 urbem
759 2492 892 2570 petitura,
909 2509 999 2570 usqae
1013 2492 1042 2552 in
1056 2491 1208 2551 adventum
1278 2515 1279 2524 ¹

202 2589 284 2633 suum
297 2573 477 2634 retineretur.
508 2570 545 2633 llt
562 2572 670 2652 legatio
685 2573 815 2652 quidem,
833 2575 973 2636 dumtaxat
989 2576 1018 2634 in
1033 2590 1095 2634 eam
1111 2577 1209 2634 civita-
1278 2635 1279 2640 ,

201 2657 303 2718 tamin
318 2657 541 2737 quaipsesum,
561 2656 638 2719 nulla
656 2657 749 2718 adbuc
763 2660 857 2735 venit,
879 2657 931 2719 sed
948 2661 1027 2719 venit
1042 2657 1208 2719 tabellarius
1278 2691 1279 2752 ;

203 2741 401 2819 Sauromatae,
424 2758 509 2821 mem
530 2759 607 2820 ego,
631 2760 700 2804 usus
716 2744 927 2821 opportunitate
942 2760 1025 2822 qoam
1038 2741 1105 2800 mibi
1124 2759 1208 2803 casus
1278 2775 1279 2786 κ

202 2823 361 2902 obtulerat,
385 2842 449 2886 cum
468 2823 618 2886 tabellario
634 2827 681 2904 qui
698 2824 864 2900 Lycormam
880 2844 917 2887 ex
931 2827 1032 2886 itinere
1047 2825 1247 2905 praecessisse
1278 2819 1279 2888 Ϊ

202 2908 367 2968 mittendum
382 2910 494 2986 putari,
516 2917 546 2968 ut
560 2925 665 2987 posses
681 2927 719 2969 ex
735 2908 891 2985 Lycormae
907 2918 936 2970 et
953 2929 991 2971 ex
1004 2911 1083 2987 regis
1099 2911 1208 2990 epistu-
1278 2973 1279 2980 p

202 2988 238 3051 lis
255 2991 362 3068 pariter
375 3005 556 3067 cognoscere
572 3009 644 3070 quae
656 2993 781 3054 tortasse
795 2995 902 3073 pariter
915 2995 990 3055 scire
1006 2992 1143 3054 deberes.

572 3123 685 3187 uxrrn.
707 3125 820 3206 [xiiii]

423 3223 450 3275 o.
468 3224 592 3276 nunnus
610 3227 755 3278 maruno
772 3226 979 3282 mrnauronr.
1215 3253 1245 3307 3,
1278 3215 1279 3294 l

261 3325 327 3388 Rex
343 3327 524 3390 Sauromates
543 3331 659 3409 scripsit
673 3331 740 3391 mibi
758 3349 826 3393 esse
842 3330 979 3410 quaedam
994 3349 1067 3410 quae
1082 3331 1206 3392 deberes

203 3427 286 3490 quam
299 3413 486 3474 maturissime
503 3413 588 3474 scire.
613 3411 676 3486 Qua
688 3433 727 3474 ex
742 3432 826 3476 causa
843 3415 1053 3476 festinationem
1065 3413 1208 3477 tabellarii

202 3512 288 3574 quem
302 3495 337 3554 ad
352 3504 382 3557 le
398 3515 462 3557 cum
476 3496 608 3576 epistulis
621 3499 696 3558 misit
714 3496 867 3577 diplomate
881 3498 984 3559 adiuti.
