2580 3970
183 257 247 324 260
615 256 650 320 0.
670 257 767 322 l’lle

184 410 305 487 ceteris,
321 409 377 472 nisi
392 409 461 472 illud
476 410 626 488 litigatoris
641 410 824 490 amplitudine
834 412 969 474 metiaris.
997 411 1066 473 Sora
1078 418 1109 472 et
1120 429 1201 472 urna

183 495 255 557 fisco
277 491 400 557 indicem
420 495 564 573 adsignat:
588 493 658 556 licet
678 495 808 572 reicere,
834 493 905 556 licet
926 494 1085 560 exclamare
1101 495 1197 559 ‘bunc

182 576 267 656 nolo,
288 577 401 639 timidus
416 587 461 640 est
476 586 506 641 et
520 579 593 640 boaa
605 576 713 640 saeculi
724 593 823 656 parum
839 578 997 656 intellegit:
1018 578 1098 640 illum
1108 578 1192 658 volo,

182 664 248 742 quia
264 658 416 724 Caesarem
430 661 543 724 fortiter
557 666 653 723 amat’.
679 659 792 722 Eodem
806 662 870 723 loro
884 671 998 725 utuntur
1012 665 1193 744 principatus

182 755 211 807 et
232 744 360 808 libertas.
397 744 477 820 Quae
491 747 646 825 praecipua
665 755 712 806 tua
731 744 823 824 gloria
842 753 904 826 est,
930 749 1045 826 saepius
1067 748 1226 810 vincitur5

182 831 284 898 decus:
300 830 380 891 cuius
391 829 467 903 ¹urala
485 847 570 890 causa
584 845 733 909 numquam
744 837 800 908 est,
817 831 872 890 nisi
888 830 942 890 snb
957 832 1033 892 bono
1045 832 1190 910 principe.

182 913 287 990 Ingens
301 912 359 973 boc
371 914 516 975 meritum:
531 915 621 974 maius
633 912 721 992 illud,
737 912 813 993 quod
823 930 876 975 eos
886 923 1089 993 procuratores
1099 914 1192 978 babes

182 1004 213 1057 ut
234 995 404 1076 plemmque
427 998 506 1058 cives
527 999 568 1058 tui
582 1014 639 1058 non
654 995 727 1057 alios
741 996 852 1058 indices
865 997 969 1059 malint.
998 998 1131 1062 liberum
1144 1008 1192 1062 est

182 1089 276 1140 autem
288 1079 455 1142 discriminis
468 1080 548 1142 ‘nolo
560 1099 624 1141 eum
635 1080 769 1160 eligere’.
786 1080 890 1161 Neque
904 1083 978 1143 enim
990 1081 1075 1144 ullam
1085 1100 1191 1146 neees-

183 1166 294 1226 citatem
308 1165 470 1228 muneribus
485 1166 542 1227 tuis
556 1163 651 1244 addis,
666 1175 698 1226 nt
715 1166 763 1244 qui
777 1167 853 1226 'scias
869 1165 942 1228 banc
953 1183 1020 1230 esse
1031 1166 1190 1230 beneflcio-
1200 1183 1234 1236 lc

183 1265 244 1307 rum
260 1248 455 1328 principalium
469 1267 620 1329 summam,
635 1251 659 1310 si
674 1248 732 1310 illis
749 1259 778 1310 et
791 1266 848 1310 non
862 1251 902 1310 uti
919 1249 997 1314 licet.

69 1330 73 1344 ’
131 1328 173 1393 37
248 1331 342 1392 Onera
361 1334 471 1410 imperii
489 1333 626 1412 pleraque
647 1332 799 1411 vectigalia
820 1333 927 1395 institui
948 1344 979 1395 nt
998 1351 1052 1414 pro
1068 1334 1190 1397 utilitate

184 1417 323 1478 communi
336 1417 374 1478 ita
385 1416 560 1496 singolorum
570 1418 677 1480 iniuriis
689 1423 857 1495 coegerunt.
877 1416 928 1480 llis
939 1419 1075 1480 vicesima
1088 1435 1192 1497 reper-

181 1507 210 1560 ta
225 1508 287 1576 est,
308 1499 443 1560 tribntmn
458 1500 608 1572 tolerabile
624 1511 654 1564 et
668 1501 754 1562 facile
769 1500 924 1562 herodibus
939 1501 1081 1564 dumtaxat
1095 1511 1190 1564 extra-

181 1584 260 1657 neis,
277 1581 443 1644 domesticis
457 1603 555 1662 grave.
592 1585 691 1665 ltaque
706 1585 763 1646 illis
779 1587 939 1666 inrogatum
954 1594 1016 1664 est,
1032 1587 1078 1648 bis
1089 1587 1231 1652 remis-15

182 1684 256 1735 sum;
270 1662 422 1744 videlicet,
439 1668 517 1745 quod
531 1669 710 1729 manifestum
725 1677 786 1728 erat
800 1678 904 1747 quanto
916 1687 980 1730 cum
989 1668 1091 1731 dolore
1105 1668 1190 1730 laturi

182 1768 234 1811 seu
250 1750 415 1830 potiusnon
430 1749 512 1811 laturi
526 1751 655 1812 homines
671 1761 770 1814 essent
781 1751 919 1830 destringi
932 1753 1039 1833 aliquid
1051 1762 1080 1815 et
1092 1753 1190 1819 abradi

181 1835 264 1896 bonis
282 1851 355 1913 quae
369 1837 529 1913 sanguine,
546 1834 722 1913 gentilitate,
745 1852 891 1898 sacrorum
907 1836 1029 1917 denique
1047 1839 1189 1898 societate

181 1919 368 1995 meruissent,
395 1936 526 1999 quaeque
541 1937 691 1998 numquam
705 1927 736 1982 ut
755 1918 846 1980 aliena
862 1930 892 1981 et
906 1921 1063 1999 speranda,
1090 1921 1145 1982 sed
1159 1931 1190 1982 nt

181 2019 232 2062 sua
253 2019 426 2081 semperque
446 2020 585 2082 possessa
605 2021 640 2065 ac
660 2002 798 2083 deinceps
819 2005 951 2081 proximo
973 2007 1077 2083 cuique
1099 2014 1229 2068 trans-ao

180 2085 314 2147 mittenda
337 2088 490 2165 cepissent.
526 2085 605 2148 llaec
625 2086 810 2148 mansuetudo
825 2086 899 2165 legis
915 2089 1062 2151 veteribus
1077 2089 1190 2150 civibus

180 2169 360 2231 servabatur:
370 2171 448 2249 novi,
457 2189 510 2232 seu
522 2187 575 2248 per
584 2169 691 2230 Latium
703 2172 731 2232 in
742 2172 884 2232 civitatem
894 2190 947 2232 seu
959 2173 1101 2234 beneficio
1113 2175 1190 2252 prin·

182 2254 256 2332 cipis
266 2255 430 2332 venissent,
452 2256 505 2314 nisi
521 2252 604 2316 simul
619 2255 797 2332 cognationis
812 2255 871 2316 iura
886 2255 1095 2334 inpetrassent,
1119 2256 1190 2318 alie·

180 2338 288 2397 nissimi
302 2336 476 2398 habebantur
490 2339 592 2416 quibus
608 2339 831 2400 coniunctissimi
845 2338 965 2400 fuerant.
987 2338 1030 2401 lta
1041 2342 1190 2400 mammam

180 2419 351 2480 benebcium
362 2420 528 2481 vertebatur
542 2423 570 2479 in
586 2423 779 2497 gravissimam
794 2423 937 2501 iniuriam,
954 2425 1115 2503 civitasque
1130 2421 1228 2484 tto-2⁵

180 2519 259 2563 mana
273 2502 362 2562 instar
376 2510 436 2562 erat
450 2502 508 2562 odii
524 2510 554 2562 et
568 2501 727 2564 discordiae
741 2513 770 2566 et
792 2504 940 2586 orbitatis,
963 2525 1027 2568 cum
1043 2508 1191 2570 carissima

181 2587 300 2665 pignora
317 2583 395 2648 salva
409 2588 536 2665 ipsomm
549 2587 656 2667 pietate
668 2587 848 2650 dlstraberet.
864 2589 1085 2653 Inveniebantur
1094 2602 1190 2654 tamen
1229 2661 1231 2668 ,

181 2670 283 2749 quibus
302 2678 396 2732 tantus
416 2687 495 2732 amor
513 2672 633 2731 nominis
650 2674 740 2733 nostri
754 2675 863 2734 inesset
877 2685 908 2735 ut
921 2674 1075 2736 Romanam
1090 2678 1191 2738 cirita·

179 2765 237 2816 tem
253 2772 308 2815 non
323 2756 478 2817 vicesimae
496 2755 581 2815 modo
597 2759 793 2817 verumetiam
809 2757 981 2819 adfinitatum
996 2758 1096 2820 damno
1111 2760 1189 2822 bene

179 2840 350 2918 conpensari
363 2849 507 2918 putarent;
535 2838 587 2900 sed
606 2841 641 2899 iis
660 2842 778 2900 maxime
798 2840 923 2902 debebat
936 2845 1059 2920 gratuita
1079 2846 1226 2904 contin-dt

178 2940 250 2999 gere
264 2922 394 3001 aquibus
405 2933 462 2984 tam
477 2939 579 3001 magno
593 2925 800 2986 aestimabatur.
822 2924 913 3003 Igitur
925 2936 1007 3005 pater
1020 2935 1085 2988 tuus
1097 2929 1192 2988 sanxit

179 3015 209 3066 ut
225 3004 301 3083 quod
316 3023 354 3066 ox
370 3007 464 3069 matris
481 3005 516 3066 ad
530 3005 654 3084 liberos,
678 3026 715 3071 ex
735 3006 892 3069 liberorum
906 3009 989 3070 bouis
1004 3012 1190 3088 pervenisset
1280 3003 1281 3076 Ῐ

178 3088 214 3149 ad
228 3097 363 3168 rnabem,
381 3090 491 3150 etiamsi
506 3093 705 3170 cognationum
719 3094 780 3152 iura
790 3110 847 3153 non
857 3095 1055 3173 recepissent,
1073 3111 1139 3156 cum
1149 3097 1189 3156 ci·
1280 3133 1281 3144 .

178 3173 292 3233 vitatem
306 3171 546 3253 adipiscerentur,
563 3176 624 3236 eius
641 3176 805 3236 vicesimam
818 3175 976 3238 nodarent.
1002 3175 1131 3239 Eandem
1147 3180 1189 3238 in·
1280 3197 1281 3242 ι

178 3258 341 3318 munitatem
355 3258 383 3318 in
398 3259 525 3336 paternis
540 3258 624 3321 bonis
640 3257 698 3319 illio
713 3259 825 3339 tribuit,
847 3261 872 3322 si
887 3259 973 3322 modo
988 3260 1125 3323 reductus
1141 3272 1228 3326 eset

180 3349 226 3402 set
240 3341 371 3418 lupatria
387 3349 574 3421 potestatem,
595 3352 673 3406 ratus
688 3343 810 3422 inprobe
825 3353 854 3407 et
869 3343 1028 3406 insolenter
1043 3362 1077 3407 ao
1093 3361 1190 3425 paene
1280 3377 1281 3424 ι

178 3423 255 3503 inpie
276 3423 321 3485 bis
339 3425 498 3486 nominibus
515 3426 602 3487 inseri
617 3425 814 3506 publicanum,
837 3445 892 3490 nec
907 3430 969 3490 sine
984 3427 1100 3507 piaculo
1116 3447 1189 3508 quo-
1280 3429 1281 3512 l

179 3505 242 3567 dam
266 3508 459 3572 sanctissimas
484 3510 712 3572 necessitudines
734 3510 812 3572 velut
832 3512 1027 3574 intercedente
1047 3513 1191 3580 vicesima
