2580 3978
188 307 230 372 24
617 303 650 365 0.
671 303 768 366 PLINI

190 475 314 539 semper.
348 457 427 520 Haec
444 468 537 519 tamen
559 475 644 520 causa
660 475 761 536 magna
782 466 842 536 est,
858 458 958 518 neseio
974 474 1009 516 an
1028 457 1115 517 iusta:
1141 457 1195 519 sed
1285 465 1286 514 t

190 561 263 622 ego,
290 550 429 621 tamquam
443 559 500 601 nou
515 543 605 602 minus
620 544 693 602 iusta
708 559 791 620 quam
804 557 904 618 magna
923 541 976 618 sit,
1002 541 1128 618 graviter
1140 542 1195 600 ira·
1285 529 1286 554 ¹

166 643 258 694 nacor
275 625 381 706 quoda
399 633 429 686 te
446 625 563 685 tamdiu
580 625 692 686 litterae
710 624 813 685 nullae.
837 623 965 684 Exorare
979 642 1025 684 me
1039 633 1124 702 potes
1137 642 1194 685 uno

190 710 293 788 modo,
322 710 346 770 si
361 728 436 786 nune
453 709 554 770 saltem
568 709 702 789 plurimas
717 718 746 769 et
765 708 946 786 longissimas
963 709 1083 769 miseris.
1114 707 1195 769 Haec
1285 695 1286 780 l

190 794 257 854 mihi
274 791 337 854 sola
352 795 499 853 excusatio
514 812 594 871 vera,
612 803 731 853 ceterae·
743 792 832 854 falsae
846 791 1025 852 videbuntur.
1052 789 1117 852 Non
1134 799 1220 852 sumt

166 877 335 944 aauditurus
353 883 422 938 ‘non
436 895 513 938 eram
523 873 643 937 Romae'
657 875 705 936 vel
721 877 901 956 ‘occupatior
916 880 1014 936 eram!
1034 872 1107 936 lllud
1120 876 1196 936 enim

190 980 246 1023 uec
263 961 290 1021 di
304 963 406 1038 sinant,
422 970 452 1021 ut
468 961 632 1021 ‘infirmior’
655 958 724 1038 lpse
739 959 775 1020 ad
789 959 885 1020 villam
899 959 999 1039 partim
1014 958 1113 1020 studiis
1130 977 1195 1038 par-

190 1046 240 1106 tim
255 1044 363 1106 desidia
379 1045 468 1124 fruor,
485 1061 604 1123 quorum
617 1053 767 1123 utrumque
783 1061 820 1104 ex
834 1045 893 1105 otio
907 1043 1040 1103 nascitur.
1069 1041 1150 1104 Vale.

664 1173 715 1235 111.

476 1276 503 1329 c.
523 1274 648 1326 Pururus
667 1275 786 1326 nuuour
803 1274 864 1328 suo
882 1273 908 1324 e.

168 1397 182 1450 1
253 1377 356 1456 blagna
367 1376 479 1440 Isaeum
494 1377 567 1438 lama
577 1387 788 1459 praecesserat,
800 1377 889 1435 maior
898 1376 1029 1436 inventus
1041 1383 1095 1436 est.
1113 1374 1195 1434 Sum·

191 1481 235 1522 ma
250 1470 294 1522 est
309 1459 438 1540 faeritas,
456 1464 556 1541 copia,
572 1463 701 1522 ubertas:
719 1460 786 1522 dicit
800 1474 914 1538 semper
930 1477 968 1520 ex
983 1468 1126 1538 ternpore,
1142 1457 1195 1518 sed

192 1557 332 1623 tamquam
347 1543 394 1604 diu
408 1546 566 1624 scripserit.
600 1545 700 1606 Sermo
716 1543 859 1621 Graecus,
876 1545 960 1604 immo
971 1543 1097 1604 Atticus:
1111 1559 1194 1622 prae·

192 1629 314 1689 sationes
329 1637 441 1707 tersae,
457 1629 598 1706 graciles,
614 1628 733 1706 dulcesq
747 1647 851 1707 graves
867 1627 1007 1688 interdum
1024 1637 1053 1686 et
1068 1635 1193 1686 erectae.
1203 1633 1238 1685 15

167 1713 289 1780 nPoscit
305 1715 515 1774 controuersias
535 1711 650 1793 plures,
673 1711 845 1773 electionem
858 1711 1032 1772 auditoribus
1047 1709 1194 1790 permittit,

192 1814 280 1876 saepe
296 1798 379 1857 etiarn
395 1806 509 1876 partes,
526 1797 627 1874 surgit,
645 1797 791 1874 amicitur,
815 1798 927 1876 incipit;
948 1796 1041 1855 statim
1055 1794 1146 1852 omnia
1160 1811 1195 1852 ac

192 1898 284 1959 paene
302 1882 408 1959 pariter
422 1880 457 1941 ad
471 1897 597 1956 manum,
618 1895 720 1940 sensus
741 1880 882 1941 reconditi
903 1884 1070 1954 occursant,
1093 1876 1194 1953 verba,

193 1964 245 2025 sed
262 1963 368 2042 qualia!
386 1965 513 2042 quaesita
531 1973 559 2024 et
575 1963 697 2024 exculta.
729 1963 818 2024 Multa
828 1964 916 2024 lectio
930 1964 959 2022 in
975 1963 1093 2038 subitis,
1108 1958 1196 2020 multa

166 2048 310 2126 ascriptio
323 2047 428 2108 elucet.
451 2046 663 2108 Prohoemiatur
674 2043 753 2126 apte,
768 2057 860 2107 narrat
876 2056 987 2126 aperte,
1004 2053 1111 2125 pugnat
1121 2045 1240 2105 aori-20

191 2141 247 2210 ter,
263 2129 374 2210 colligit
387 2132 514 2210 fortiter,
531 2142 611 2193 ornat
626 2131 763 2211 excelse,
775 2140 921 2211 postremo
935 2131 1039 2208 dccet,
1057 2128 1194 2205 delectat,

191 2215 300 2283 adlicit;
321 2215 387 2295 qnid
404 2217 540 2294 maxime,
565 2216 693 2278 dubites:
720 2217 820 2276 crebra
841 2207 1076 2294 ἐνθυμήματα,
1101 2213 1196 2272 crebri

193 2297 363 2376 syllogismi,
379 2299 585 2377 circumscripti
598 2310 627 2361 et
644 2301 757 2378 edocti,
774 2299 850 2378 quod
864 2298 930 2360 stilo
946 2315 1059 2379 quoque
1077 2296 1196 2374 adsequi

193 2400 324 2460 magnum
336 2391 394 2442 est:
410 2381 584 2444 incredibilis
598 2385 746 2452 memoria;
770 2385 875 2462 repetit
888 2382 971 2444 altius
1006 2399 1060 2442 uae
1074 2381 1143 2441 dixit
1159 2398 1198 2440 ex

170 2474 340 2543 itempore,
362 2484 399 2525 ne
419 2467 510 2527 verbo
532 2466 645 2546 quidem
659 2467 770 2532 labitur.
799 2466 845 2526 Ad
858 2476 960 2528 tantam
976 2401 1043 2540 ibeo
1059 2464 1154 2526 studio
1167 2473 1198 2525 et
1206 2475 1241 2529 at

193 2550 398 2610 exercitatione
412 2553 557 2627 pervenit:
570 2569 633 2612 uam
647 2551 747 2612 diebus
766 2561 796 2612 et
810 2552 941 2612 noctibus
957 2549 1025 2610 nihil
1040 2547 1116 2609 aliud
1126 2550 1196 2626 agit,

170 2632 262 2694 5nihil
284 2632 375 2711 auditp
397 2633 466 2694 nibil
487 2632 620 2713 loquitur.
651 2635 762 2695 Annum
783 2636 1009 2712 sexagessimum
1024 2634 1153 2694 excessit
1168 2639 1198 2692 et

193 2715 284 2778 adhuc
301 2716 491 2782 scholasticus
507 2728 613 2780 tanturn
629 2729 689 2790 est;
713 2738 769 2800 quo
783 2737 892 2798 genere
910 2718 1051 2778 hominurn
1064 2715 1134 2776 nihil
1150 2724 1199 2777 aut

174 2759 331 2870 'sincerius
347 2811 394 2862 aut
414 2803 569 2884 simplicius
591 2813 639 2864 aut
657 2803 768 2866 melius.
798 2802 859 2864 Nos
875 2805 949 2862 enim
964 2802 1010 2881 qui
1025 2803 1053 2860 in
1067 2800 1130 2860 loro
1146 2817 1198 2860 ve·

192 2887 289 2964 risque
304 2883 401 2948 litibus
416 2889 533 2948 terimur
547 2885 664 2947 multum
683 2887 821 2966 malitiae,
841 2888 973 2965 quamvis
988 2883 1125 2959 nolimus,
1147 2882 1198 2942 ad·
1207 2885 1243 2940 30

165 2967 335 3033 ddiscimus.
370 2969 477 3032 Schola
491 2980 521 3031 et
535 2970 700 3032 auditorium
715 2980 744 3032 et
759 2972 825 3030 licta
848 2987 933 3031 causa
948 2987 996 3031 res
1018 2968 1132 3029 inermis
1154 2968 1198 3026 in·

191 3053 277 3112 noxia
292 3061 353 3130 est,
373 3072 429 3114 nec
444 3057 534 3116 minus
550 3054 635 3134 lelix,
657 3055 773 3118 senibus
790 3055 967 3134 praesertim.
997 3051 1068 3112 Nam
1083 3048 1152 3128 quid
1168 3051 1200 3110 in

168 3144 185 3200 t
193 3145 343 3196 senectute
354 3136 468 3198 felicius
480 3157 562 3218 quam
577 3139 652 3217 quod
664 3138 855 3202 dulcissimum
869 3139 956 3199 estin
969 3133 1104 3197 iuventa?
1120 3133 1199 3207 Qua-

192 3238 224 3278 re
240 3236 295 3296 ego
314 3217 427 3281 Isaeum
440 3240 498 3282 non
520 3223 734 3284 disertissimum
749 3233 855 3284 tantum
871 3240 969 3283 verum
985 3223 1069 3282 etiam
1089 3219 1200 3279 beatis·

194 3304 293 3362 simum
314 3302 425 3381 iudico,
449 3324 534 3384 quem
550 3316 580 3367 tu
598 3309 652 3368 nisi
668 3325 847 3386 cognoscere
865 3305 1067 3383 concupiscis,
1090 3310 1243 3364 saxeusot
1285 3325 1286 3420 p

168 3385 364 3465 &ferreusque
377 3407 419 3449 es.
451 3388 572 3451 Proinde
594 3392 688 3452 sinon
705 3391 742 3452 ob
759 3391 812 3450 alia
822 3407 933 3470 nosque
949 3392 1047 3468 ipsos,
1062 3386 1099 3446 ad
1115 3395 1199 3447 certe
1285 3421 1286 3424 =

192 3477 223 3527 ut
237 3467 312 3528 hunc
329 3471 443 3550 audias,
458 3476 533 3534 reni.
556 3472 750 3554 Numquamne
765 3474 861 3552 legisti
878 3473 1041 3535 Gaditanum
1057 3471 1201 3550 quendam

192 3550 246 3612 Titi
265 3551 325 3612 Livi
351 3559 463 3617 nornine
484 3557 632 3637 gloriaque
655 3568 825 3619 commotum
850 3557 885 3617 ad
907 3556 1055 3619 visendum
1076 3573 1141 3614 eum
1160 3553 1199 3614 ab

1204 1221 1238 1275 10

1270 1379 1286 1420 .t
