2584 3972
173 265 235 328 140
598 263 631 325 G.
653 264 752 326 uultu

172 414 254 474 nullia
269 415 337 474 iura.
357 416 482 478 Possunt
499 433 571 495 orgo
586 417 690 478 intueri
703 417 852 479 utilitatem
868 433 958 496 suano,
973 433 1026 497 pro
1043 417 1177 495 quamihi

173 497 226 558 fuit
238 500 370 560 audoitia.
403 499 485 561 Volo.

454 730 481 784 o.
502 633 766 783 nnnns'n‘nflnnn
785 730 845 783 suo
862 730 890 782 ws,
1182 760 1198 808 5

146 843 158 894 l
235 830 376 892 Libellum
391 832 539 892 formatum
553 851 569 893 a
583 851 639 910 ms,
656 835 731 894 siout
742 851 893 911 exegeras,
911 850 969 911 quo
980 833 1087 893 amicus
1097 840 1175 910 tuus,

175 917 258 975 immo
275 924 375 976 noster
390 915 473 994 (quid
487 917 561 977 enim
574 934 633 977 non
646 933 784 978 commune
799 913 938 994 nobisi),
959 917 985 977 si
1005 933 1053 977 res
1071 932 1176 994 posso-

174 1007 228 1075 rot‚
245 1007 383 1077 uteretur,
401 1001 463 1060 misi
477 1001 528 1060 tibi
535 999 605 1060 ideo
616 1000 734 1078 tardius,
749 1019 785 1060 ue
797 1009 909 1079 tenpus
922 999 1088 1060 emendandi
1098 1016 1175 1076 aum,

149 1081 202 1146 uid
215 1091 263 1143 ost
279 1082 460 1162 disperdendi
475 1083 607 1146 haberes.
630 1081 756 1146 Habebis
773 1094 883 1160 tamen,
898 1102 932 1144 un
946 1082 1112 1144 amandandi
1126 1101 1176 1143 no·

174 1167 249 1243 saio,
266 1168 364 1246 utiquo
381 1167 574 1245 disperdendi.
584 1159 697 1247 ’Ὑμεῖς
709 1162 772 1248 γὰρ
786 1165 820 1228 oi
830 1159 960 1246 εὕζηλοι
972 1168 1079 1246 optima
1089 1185 1176 1246 quae·
1186 1182 1218 1232 ιο

148 1259 231 1327 aquo
246 1249 404 1313 detrahitis.
433 1249 556 1324 Quodsi
568 1249 694 1331 iecoris,
710 1253 777 1312 boni
794 1251 947 1313 consulum.
979 1250 1086 1312 i’ostoa
1101 1252 1176 1310 euim

173 1332 230 1393 illis
252 1352 289 1394 en
309 1334 402 1414 aliqua
424 1337 577 1396 oooasiono
598 1345 629 1396 ut
646 1338 720 1397 mois
739 1345 802 1396 utar
822 1344 851 1396 et
871 1335 1014 1396 bonefisio
1029 1334 1122 1396 fastidi
1135 1336 1176 1394 tui

174 1417 239 1494 ipso
262 1417 413 1495 laudabor,
440 1421 519 1479 utin
543 1436 579 1479 eo
601 1420 678 1498 quod
698 1420 858 1480 adnotatum
878 1421 1008 1480 invenies
1029 1427 1058 1478 et
1078 1436 1176 1497 supra·

149 1501 284 1578 dsoripto
300 1499 381 1560 aliter
396 1501 573 1579 esplioitum.
606 1502 677 1563 Nam
693 1521 757 1564 oum
772 1505 934 1584 suspicarer
945 1503 1069 1564 futurum
1083 1512 1114 1562 ut
1124 1502 1176 1562 tibi

174 1582 308 1644 tumidius
324 1583 479 1661 videretur,
495 1587 624 1664 quoniam
639 1595 685 1648 est
701 1589 846 1648 sonantius
861 1595 890 1647 o't
904 1587 1016 1664 dlutius,
1034 1602 1092 1646 uon
1106 1585 1218 1648 alie-15

168 1683 238 1725 nmn
254 1668 422 1745 existimaui,
434 1687 474 1730 uta
492 1677 520 1730 to
535 1679 703 1749 torquatos,
715 1670 824 1734 addoro
839 1672 1077 1751 statmnressms
1093 1669 1176 1748 quid·

175 1749 236 1808 dam
255 1760 285 1811 ot
300 1751 403 1814 exilius
420 1751 473 1812 vuol
486 1755 584 1832 notius
597 1753 732 1816 humilius
742 1765 777 1816 ut
793 1757 891 1835 psius,
911 1763 1011 1818 ussum
1022 1765 1119 1816 tamon
1133 1756 1176 1814 iu·

149 1831 250 1894 sdioio
271 1837 389 1897 tentius.
419 1834 481 1896 *Gur
497 1839 571 1898 onim
580 1855 642 1898 uon
655 1842 1041 1918 usquequaqua'tonuitatom
1053 1847 1176 1899 uestram

174 1917 307 1996 insequar
325 1929 355 1980 et
372 1918 537 1998 exagitamd
553 1920 652 2000 diaeo,
676 1933 706 1983 ut
725 1925 799 1984 inter
817 1927 887 1987 istas
903 1925 1110 2003 occupationes
1124 1921 1176 1982 afi-

145 2011 165 2064 ti
175 2000 243 2078 quid
256 2001 407 2082 aliquando
421 2004 545 2074 rideres:
562 2005 632 2066 illud
647 2007 740 2084 sorio,
762 2007 829 2068 vida
837 2017 870 2070 ut
882 2007 952 2068 mihi
965 2007 1098 2068 viatiouun
1112 2006 1219 2066 nod-to

167 2083 223 2146 -das
235 2087 318 2164 'quod
332 2088 449 2166 inpendi
458 2088 626 2168 &mopsus
640 2107 759 2152 oursoro
774 2090 900 2154 dimisso.
922 2090 967 2153 No
983 2099 1024 2168 tu,
1040 2107 1103 2149 oum
1118 2089 1176 2150 hoo

168 2166 293 2248 dagonis,
311 2189 368 2232 non
378 2182 474 2251 partos
488 2172 579 2234 libelii
594 2174 648 2236 sad
662 2183 751 2236 totum
765 2174 894 2236 liballum
905 2174 1072 2255 inpuobabis
1088 2191 1176 2252 nega·

167 2251 276 2330 ‘bisqno
295 2254 381 2317 ullius
396 2258 483 2335 pretii
497 2276 564 2318 osso
580 2259 662 2320 ouius
676 2260 799 2337 motion
811 2261 987 2338 ssposumis.
1019 2257 1100 2320 vnto.

461 2484 488 2536 0.
507 2391 763 2540 ΡΒΙΝΙΗΒΧῈΙΙΞὲΟΟΙ
781 2488 841 2541 SUO
851 2487 885 2544 -S.

148 2594 162 2645 1
233 2583 340 2646 Eadem
362 2587 484 2666 epistula
500 2598 535 2650 dt
554 2606 612 2650 uon
631 2590 749 2652 studauo
771 2598 800 2653 to
822 2600 857 2652 ot
880 2591 997 2654 studsro
1024 2593 1175 2671 siguidost.

170 2667 338 2748 Aenigmata
358 2670 468 2752 loquor.
500 2672 545 2736 ita
565 2674 667 2754 plano,
694 2674 787 2736 doneo
801 2675 968 2738 distinottos
983 2677 1060 2755 quod
1081 2680 1176 2738 santio

1184 2437 1219 2490 25

146 2757 324 2816 tenuutiom.
356 2754 450 2834 Negat
468 2759 546 2818 onim
566 2767 595 2820 te
616 2759 751 2838 studere,
769 2758 888 2822 sedost
907 2769 964 2820 tam
982 2760 1071 2840 polita
1092 2778 1177 2839 quom

165 2838 258 2898 nisio
277 2838 410 2901 studsnto
427 2851 596 2918 nonpotost
611 2842 713 2904 suribi:
733 2852 787 2905 out
801 2862 834 2905 ss
848 2852 879 2904 tu
891 2861 979 2922 supor
989 2861 1090 2908 omuos
1106 2845 1173 2906 boa·
1184 2857 1220 2912 3⁰

170 2926 228 2996 tus,
245 2920 354 2982 situlis
369 2940 422 3002 por
439 2923 575 2986 desidiam
588 2933 617 2985 ot
630 2927 719 2988 otium
734 2928 859 3005 pordois.
890 2926 970 2993 vato.

626 3069 628 3072 '
683 3057 719 3118 11.

418 3151 446 3208 d.
464 3153 590 3206 PLINIUS
609 3057 788 3206 effudistis
805 3157 890 3208 SUAE
909 3156 935 3210 S.

145 3265 161 3316 1
233 3253 275 3314 Tu
296 3255 409 3334 quidem
428 3256 647 3337 honestissime,
673 3261 755 3340 quod
774 3269 829 3324 tam
845 3264 966 3342 inpensa
988 3270 1018 3323 et
1035 3280 1123 3340 rogos
1140 3272 1220 3330 otas

170 3339 262 3414 exigis
277 3349 310 3401 ut
331 3343 424 3421 auoipi
443 3342 555 3404 iubeam
568 3362 591 3404 «a
610 3354 641 3404 to
657 3347 780 3424 pretium
795 3363 927 3424 agrorum
942 3363 999 3407 nou
1013 3365 1050 3408 οι
1065 3348 1175 3426 soptim

167 3423 264 3498 ¹gantis
283 3423 414 3503 militnm,
436 3429 532 3505 quanti
546 3427 613 3488 illos
629 3428 764 3490 alibouto
777 3447 858 3509 meo,
876 3431 933 3492 ssd
953 3449 991 3492 tu
1006 3433 1173 3508 ungentis,

143 3507 265 3583 aquoso
278 3524 294 3567 a
308 3508 468 3586 pubiioam's
484 3521 592 3590 pastam
608 3513 771 3574 vicesimam
784 3515 892 3576 amisti.
923 3513 1050 3576 Inuioom
1066 3531 1125 3592 ogo
1145 3525 1177 3576 et
