2580 3978
162 279 202 341 16
587 275 621 338 G.
643 274 741 338 Plle

132 485 136 491 .
161 447 274 493 causam
287 427 348 489 luni
365 426 502 508 Pastoris,
518 447 582 490 cnm
595 430 662 490 milri
678 431 837 508 quiescenti
851 431 913 490 visa
928 439 974 491 est
987 447 1090 490 socrus
1103 447 1168 492 mea

160 511 294 575 advoluta
307 513 429 590 genibus
444 531 481 572 ne
496 530 612 591 agerem
626 514 792 575 obsecrare.
821 511 859 573 itt
874 531 956 586 erum,
969 521 1084 574 acturus
1099 513 1167 574 adu·

161 594 339 658 lescentulus
354 596 457 674 adbuc,
473 615 549 657 eram
559 599 588 656 in
599 597 776 678 quadruplici
787 597 903 675 iudicio,
919 615 995 658 eram
1007 605 1104 658 contra
1114 616 1167 677 po-

161 682 337 743 tentissimos
354 681 475 742 civitatis
487 690 572 760 atque
587 684 671 743 etiam
683 679 815 743 Caesaris
829 683 952 750 amicos;
968 698 1040 765 quae
1055 681 1166 761 singula

138 767 301 827 dexcntero
314 773 439 825 mentem
452 763 519 825 mibi
533 775 601 845 post
617 775 674 826 tam
690 767 771 826 triste
786 768 924 826 somnium
937 773 1080 845 poterant.
1108 764 1189 844 ligio

161 859 255 911 tamen
269 850 307 909 λο
332 841 488 928 ισάμενος
501 848 572 909 illud

281 951 296 992 ε
312 923 459 1005 §oderade
477 924 611 1013 ἄριστος
622 925 817 1011 ἀμύνασθαι
829 927 905 1013 περὶ
917 926 1052 1013 πάτρης.

161 1015 232 1077 Nam
245 1016 312 1076 mihi
332 1017 421 1096 patria
443 1025 473 1078 et
492 1018 515 1079 si
537 1017 603 1096 quid
627 1019 718 1078 carius
740 1017 810 1078 lidos
833 1016 992 1077 videbatur.
1023 1015 1166 1097 Prospere

163 1102 268 1179 cessit,
290 1108 375 1178 atque
391 1100 464 1162 adeo
479 1100 527 1161 illa
542 1102 617 1162 actio
632 1101 697 1161 mihi
716 1119 799 1164 aures
815 1101 973 1179 hominnm,
994 1098 1042 1161 illa
1057 1103 1166 1162 ianuam

135 1184 252 1244 tiamao
267 1183 415 1264 patefecit.
444 1183 565 1246 Proinde
580 1186 692 1265 dispice
706 1203 741 1246 an
755 1196 785 1247 tn
801 1202 915 1265 quoqne
931 1186 984 1245 sub
999 1184 1056 1245 lroc
1072 1195 1213 1248 exem-lo

161 1267 212 1348 plo
230 1270 369 1329 somnium
389 1268 465 1329 istud
478 1270 507 1329 in
523 1270 627 1331 bonum
641 1278 755 1349 vertas,
778 1279 826 1331 aut
845 1272 869 1331 si
888 1270 975 1330 tntins
994 1279 1077 1349 putas
1096 1269 1167 1330 illud

162 1353 316 1414 cautissimi
332 1353 470 1431 cuiusque
485 1363 671 1434 praeceptum
691 1353 782 1433 ‘quod
804 1354 914 1414 dubitas
933 1371 970 1414 ne
985 1354 1117 1432 ieceris',
1137 1353 1167 1413 id

136 1435 254 1514 oipsum
268 1436 408 1497 rescribe.
429 1436 494 1515 ligo
509 1438 630 1517 aliquam
641 1439 787 1517 stropham
797 1438 937 1498 inveniam
946 1455 1085 1517 agamque
1101 1455 1168 1498 cau·

160 1537 219 1579 sam
234 1528 326 1598 tuam,
345 1528 376 1580 ut
391 1522 482 1599 ipsam
501 1521 590 1600 agere
611 1530 656 1598 tn,
681 1539 744 1582 cnm
761 1523 862 1599 voles,
884 1523 991 1601 possis.
1023 1520 1077 1584 Est
1091 1523 1167 1582 enim

159 1621 228 1664 sane
244 1602 298 1664 alia
313 1606 384 1665 ratio
399 1612 463 1682 tna,
486 1603 540 1692 qlia
553 1623 617 1666 mea
631 1604 693 1665 fuit.
724 1605 795 1666 Nam
809 1605 941 1666 iudicium
961 1605 1164 1667 centumvirale
1175 1620 1211 1673 15

160 1685 266 1748 dilierri
277 1685 463 1768 nullomodo,
477 1690 552 1750 istud
563 1707 651 1768 aegre
664 1691 778 1767 quidem
790 1691 842 1752 sed
853 1699 947 1751 tamen
958 1699 1066 1770 potest.
1081 1688 1165 1750 Vale.

342 1929 349 1974 ·.
372 1919 399 1974 o.
420 1889 546 1972 ruimus
565 1822 712 1973 nollllllal
729 1921 828 1974 rrnmo
847 1922 908 1975 suo
927 1921 954 1974 s,

139 2027 154 2077 1
227 2019 376 2101 Municeps
398 2030 428 2083 tu
447 2041 528 2088 meus
550 2033 580 2085 et
603 2024 815 2105 condiscipulus
835 2034 865 2085 et
886 2024 921 2084 ab
938 2025 1052 2084 ineunte
1072 2031 1215 2086 uetate20

161 2105 384 2183 contubernalis,
399 2115 482 2186 pater
496 2116 561 2169 tuus
577 2118 608 2170 et
616 2111 696 2170 matri
708 2120 737 2171 et
748 2106 888 2170 avunculo
898 2125 975 2185 meo,
991 2107 1057 2168 mibi
1068 2109 1164 2187 etiam,

161 2200 294 2268 quantum
305 2192 405 2252 aetatis
422 2191 572 2254 diversitas
587 2209 672 2271 passa
687 2203 743 2272 est,
758 2193 913 2262 familiaris;
928 2209 1045 2270 magnae
1061 2201 1091 2252 et
1101 2209 1166 2270 gra·

160 2291 213 2333 ves
237 2291 341 2334 causae
365 2292 416 2334 cur
445 2276 595 2354 suscipere
620 2295 727 2354 augere
750 2276 913 2356 dignitatem
935 2285 1010 2338 tuam
1034 2275 1166 2337 debeam.

136 2354 236 2417 bllsso
248 2365 343 2416 autem
359 2357 408 2417 tibi
424 2367 537 2418 contum
547 2359 654 2420 milium
670 2379 788 2422 censum
802 2362 871 2422 satis
885 2359 990 2421 indicat
1001 2360 1078 2439 qnod
1089 2361 1166 2439 apud

159 2457 213 2500 nos
229 2439 347 2500 decurio
362 2459 405 2501 es.
428 2440 519 2519 igitur
531 2453 562 2504 ut
577 2453 606 2506 te
621 2462 678 2505 non
693 2444 847 2506 decurione
862 2443 953 2506 solum
968 2461 1067 2505 verum
1081 2447 1215 2510 etiamne

161 2526 258 2602 equite
273 2523 401 2585 Romano
415 2525 603 2606 perfruamur,
626 2529 717 2590 oliero
732 2531 784 2590 tibi
798 2529 834 2590 ad
847 2527 996 2609 inplendae
1011 2537 1165 2608 equestres

136 2605 314 2669 blacultates
328 2616 458 2669 trecenta
471 2610 548 2672 milia
562 2630 714 2672 nummum.
745 2612 785 2674 'lo
799 2630 954 2675 memorem
968 2612 1052 2675 lmius
1066 2630 1166 2672 mune·

159 2693 200 2753 ris
217 2692 358 2762 amicitiae
370 2702 485 2755 nostrae
498 2695 663 2758 diutomitas
682 2697 821 2778 spondet:
841 2714 898 2776 ego
912 2715 950 2758 ne
964 2695 1035 2757 illud
1050 2696 1166 2776 quidem

159 2775 310 2856 admoneo,
328 2777 404 2856 quod
418 2777 571 2841 admonere
588 2780 741 2860 deberem,
762 2783 816 2843 nisi
831 2784 936 2843 scirem
954 2789 1056 2861 sponte
1073 2780 1165 2842 iactu·

159 2876 231 2938 rum,
251 2871 281 2922 ut
297 2861 435 2940 dignitate
449 2880 465 2922 a
478 2882 524 2924 me
540 2863 603 2924 dato
614 2881 697 2943 quam
712 2864 933 2944 modestissime,
951 2874 982 2925 ut
996 2883 1012 2924 a
1027 2883 1073 2926 me
1089 2864 1164 2942 data,
1174 2871 1217 2928 30

135 2951 252 3005 lutare.
272 2943 343 3007 Nam
359 2945 510 3008 sollicitius
524 2948 728 3010 custodiendus
740 2959 784 3011 est
798 2949 890 3011 honor
904 2952 932 3010 in
947 2966 1004 3028 quo
1016 2951 1099 3011 etiam
1112 2949 1165 3010 be·

159 3030 291 3090 neiicium
306 3031 388 3090 amici
403 3031 538 3092 tuendum
552 3041 607 3093 est.
635 3031 716 3095 Vale.

360 3262 388 3314 (l.
406 3262 531 3316 PLINIUS
550 3165 709 3316 GORNXElllO
726 3263 842 3316 TAGITO
861 3264 921 3317 sito
940 3265 966 3317 S.
1175 3297 1215 3352 35

136 3376 152 3427 1
223 3360 371 3442 Frequens
384 3365 452 3426 mibi
467 3365 621 3446 disputatio
635 3377 681 3429 est
696 3384 760 3429 cum
774 3367 894 3447 quodam
908 3367 995 3430 docto
1007 3367 1120 3429 homine
1132 3377 1167 3432 et

158 3448 270 3525 perito,
294 3450 340 3508 cui
360 3449 429 3509 nibil
449 3467 542 3529 aequo
563 3451 592 3511 in
613 3452 707 3512 causis
728 3452 847 3530 agendis
868 3460 898 3513 ut
912 3452 1037 3514 brevitas
1054 3449 1165 3531 placet.

134 3530 249 3604 nouam
270 3549 327 3612 ego
352 3533 565 3596 custodiendam
580 3554 647 3597 esse
666 3535 821 3616 confiteor,
845 3537 870 3596 si
894 3552 981 3598 causo
1000 3537 1164 3616 permittat:
