2604 3972
293 249 556 350 nrrsrumnuu
569 289 948 372 sc-snps-crmp
1051 291 1115 356 ass
1234 269 1236 272 ’

110 439 230 519 templo,
248 441 372 518 cognovi
386 439 470 501 alium
481 441 528 502 hic
542 440 628 524 alium
640 440 715 521 apud
726 458 780 503 nos
797 461 864 503 esse
878 455 985 504 morem
1001 444 1114 509 dedica·

110 527 205 586 tionis.
237 523 356 604 Dispice
378 542 468 602 ergo,
487 525 618 604 domine,
637 543 672 586 an
692 535 778 605 putes
797 525 899 586 aedem
914 528 958 587 cui
973 527 1049 591 nulla
1066 529 1115 591 lex
1169 585 1171 590 .

111 608 184 670 dicta
199 617 245 670 est
260 608 338 670 salva
351 608 491 686 religione
506 627 596 688 posse
616 609 777 671 transferri:
799 609 904 690 alioqui
919 612 1114 676 commodissi·
1135 613 1137 620 “

109 710 184 752 mum
199 702 255 770 est,
272 693 296 753 si
311 691 413 772 reilgio
428 711 485 754 non
498 694 616 774 inpedit.

520 826 551 887 u.
572 825 707 906 [ovum]

445 927 611 982 TRAIANUS
629 929 733 982 PLINIO
752 929 779 982 S.

171 1028 276 1108 Potes,
291 1031 331 1091 mi
342 1030 474 1093 Secunde
490 1033 652 1111 carissime,
671 1032 732 1094 sine
751 1031 941 1103 sollicitudine
952 1031 1112 1113 religionis,

110 1113 135 1174 si
155 1112 213 1174 loci
235 1115 340 1192 positio
361 1116 473 1176 videtur
498 1115 554 1177 boc
576 1116 756 1195 desiderare,
783 1117 885 1179 aedem
909 1115 1006 1180 Matris
1029 1117 1114 1180 deum

68 1197 263 1266 lotransierre
285 1199 313 1259 in
335 1217 396 1262 eam
416 1219 489 1279 quae
505 1206 563 1262 'est
587 1200 841 1272 accommodatior;
865 1220 920 1262 nec
944 1211 975 1263 te
998 1211 1114 1264 moveat

109 1280 187 1361 quod
201 1281 250 1342 lex
271 1281 455 1345 dedicationis
470 1282 547 1345 nulla
567 1285 727 1364 reperitur,
749 1303 813 1347 cum
833 1285 926 1348 solum
943 1287 1113 1366 peregrinae

109 1367 230 1427 civitatis
246 1383 335 1447 capax
349 1363 405 1428 non
422 1369 459 1430 sit
475 1367 659 1430 dedicationis
675 1387 747 1448 quae
761 1370 791 1430 lit
806 1379 905 1431 nostro
922 1370 991 1431 iure.

328 1596 356 1652 G.
375 1596 498 1650 PLINIUS
516 1501 886 1652 TNAIANULUMPERATORI.

171 1700 297 1762 Uiilloile
314 1711 371 1780 est,
387 1702 517 1781 domine,
533 1705 696 1784 exprimere
711 1705 810 1767 verbis
825 1714 955 1786 qnantms
971 1724 1140 1786 percepe·1

107 1785 159 1846 rim
174 1784 326 1864 laetitiam,
348 1785 425 1866 quod
445 1786 558 1848 etmihi
576 1796 605 1849 et
628 1791 726 1849 socrui
740 1806 822 1850 meae
840 1788 1006 1868 praestitisti
1021 1798 1052 1849 ut
1066 1789 1114 1864 ad·

108 1869 192 1929 linem
204 1871 266 1930 eius
279 1865 406 1931 (laelium
422 1868 600 1932 Ulementem
614 1874 642 1932 in
656 1871 729 1934 hanc
745 1874 920 1952 provinciam
931 1873 1113 1936 transferres.

106 1949 152 2012 Ex
162 1952 214 2015 illo
230 1953 304 2014 enim
319 1953 371 2033 [ct]
387 1971 547 2015 mensuram
557 1956 691 2017 beneficii
703 1957 742 2016 tui
756 1957 869 2036 penitus
880 1955 1032 2036 intellego,
1050 1973 1141 2026 cumn

64 2047 163 2111 potam
176 2036 290 2117 plenam
307 2037 509 2116 indulgentiam
525 2056 588 2098 cum
603 2048 661 2117 tota
673 2038 757 2101 domo
774 2058 838 2100 mea
852 2040 995 2120 experiar,
1012 2041 1057 2101 cui
1068 2058 1114 2101 re·

107 2121 185 2182 lerre
200 2123 317 2200 gratiam
331 2139 429 2200 parem
442 2141 478 2182 ne
493 2121 586 2183 audeo
600 2123 732 2202 quidem,
756 2125 883 2203 quanvis
904 2125 1025 2184 maxime
1045 2141 1114 2204 pos-

108 2207 169 2267 sim.
200 2204 299 2286 ltaque
319 2206 355 2267 ad
375 2215 443 2266 vota
464 2206 599 2285 coniugio
623 2207 753 2286 deosque
773 2224 880 2286 precor
900 2217 931 2268 nt
946 2209 982 2270 iis
997 2224 1071 2288 quae
1086 2208 1114 2268 in

107 2306 153 2348 me
165 2288 284 2351 adsidua
301 2289 416 2352 coniers
429 2306 487 2351 non
500 2291 632 2368 indignus
648 2292 803 2352 existimer.

327 2520 355 2572 U.
370 2513 497 2576 PLINIUS
513 2423 889 2578 TNAIANUAIMPERATORI‘.

170 2623 271 2702 lliem,
303 2621 433 2702 domine,
465 2643 523 2703 quo
547 2626 668 2687 servasti
693 2625 858 2705 imperium,
885 2623 949 2684 dum
974 2625 1113 2703 suscipis,

108 2717 212 2787 manta
226 2707 346 2769 mereris
362 2706 468 2769 laetitia
483 2708 702 2785 celebravimus,
716 2710 825 2788 precati
840 2708 911 2770 deos
927 2716 957 2767 ut
971 2715 1001 2768 te
1012 2708 1113 2784 generi

107 2792 239 2869 humano,
256 2793 337 2853 ouius
353 2792 443 2853 tutela
457 2802 486 2852 at
497 2795 637 2855 securitas
652 2791 735 2855 saluti
749 2802 813 2855 tuae
828 2794 917 2853 innisa
932 2801 988 2868 est,
1004 2788 1113 2851 incolu-

63 2893 184 2948 eomem
201 2881 407 2956 florentemque
422 2886 609 2957 praestarent.
643 2876 814 2940 Praeivimus
830 2885 860 2936 et
874 2874 1113 2936 commilitonibus

106 2960 319 3022 iusiurandum
337 2975 417 3021 more
441 2961 591 3040 sollemni,
617 2961 718 3024 eadem
740 2959 962 3041 provincialibus
985 2959 1115 3020 certatim

106 3046 215 3123 pietate
228 3045 392 3106 iurantibus

85 789 103 842 5

64 1641 98 1696 15

62 2471 99 2525 25

518 3177 590 3240 nrrr.
612 3177 705 3259 [oxus

64 3310 100 3366 35
443 3278 606 3332 TRAIANUS
623 3278 729 3330 PLINIO
748 3278 775 3334 S.

168 3381 280 3457 Quanta
301 3382 442 3462 religione
463 3393 493 3444 et
508 3359 616 3446 laetitia
630 3382 838 3444 commilitones
854 3398 918 3442 curn
933 3379 1115 3462 provinciali·

107 3467 162 3529 bus
177 3478 208 3529 tc
225 3478 382 3547 praeeunte
404 3467 478 3530 ddem
493 3469 603 3547 imperii
622 3469 680 3528 mei
693 3465 902 3528 celebraverint
917 3465 1058 3543 libenter,
1078 3463 1117 3522 nri

107 3550 244 3614 Secunde
259 3553 414 3631 carissime,
434 3554 558 3631 cognovi
573 3550 675 3612 litteris
692 3552 757 3612 tuis.
994 3561 996 3565 “
