2584 3972
380 289 643 352 EPISTULARUM
657 291 693 350 v.
708 302 733 353 1.
748 302 774 353 n.
786 300 813 354 3.
1058 291 1100 356 89

105 444 217 506 cordine.
246 441 289 504 lbi
310 458 368 520 ego
390 444 427 504 ‘si
444 447 544 503 mater’
567 443 679 522 inquam
699 447 740 503 ‘te
761 460 799 503 ex
817 453 899 522 parte
916 455 1013 523 quarta
1029 449 1099 507 scri·

104 529 203 608 psisset
216 527 363 604 heredem,
380 543 445 586 num
460 527 541 605 queri
555 522 681 605 posses?
702 523 778 598 Quid
793 528 818 589 si
832 526 968 589 heredem
986 530 1100 608 quidem

102 612 263 672 instituisset
277 629 316 672 ex
328 628 411 688 asse,
427 609 480 670 sed
493 608 597 688 legatis
612 611 651 670 ita
666 609 848 672 exhausisset
862 621 963 673 utnon
978 612 1099 692 amplius

81 695 320 840 stilletis
330 703 427 838 iti
441 689 1099 855 isbali{nitidisnitidis}

102 863 174 939 pias,
192 879 275 941 qnam
287 870 382 921 tamen
397 877 454 938 ego
469 860 591 938 augebo.
618 859 684 921 Scis
698 869 728 921 te
742 878 799 923 non
813 862 1023 943 subscripsisse
1036 881 1095 924 me·
1107 874 1141 926 10

103 962 159 1006 cnm
174 954 203 1006 et
218 946 274 1004 iam
288 944 431 1005 biennium
445 945 583 1006 transisse
599 945 749 1024 omniaque
763 963 809 1005 me
824 965 878 1007 usn
893 948 1018 1027 cepisse.
1039 947 1098 1007 Sed

101 1038 128 1088 nt
140 1037 168 1089 te
186 1026 347 1098 coheredes
362 1029 418 1088 mei
432 1027 655 1088 tractabiliorem
669 1030 852 1107 experiantur
866 1039 954 1110 utque
969 1030 1019 1090 tibi
1029 1029 1097 1090 nibil

101 1111 241 1173 abstulerit
262 1112 515 1188 reverentissimi,
541 1112 632 1172 oliero
653 1128 706 1191 pro
725 1129 788 1172 mea
807 1122 888 1192 parte
911 1113 1098 1175 tantundem?

69 1192 159 1258 toluli
177 1195 300 1257 lrnctom
314 1211 371 1256 non
386 1195 579 1257 conscientiae
598 1194 684 1256 modo
698 1212 797 1255 verum
815 1198 898 1258 etiam
912 1198 1012 1259 lamae.
1043 1195 1097 1259 Ille
1107 1204 1138 1259 ll

102 1296 166 1356 ergo
181 1277 318 1342 Curianus
332 1277 457 1357 legatum
470 1277 537 1338 mibi
551 1278 666 1358 reliquit
679 1287 709 1339 et
723 1277 827 1341 iactum
838 1298 942 1359 meum,
959 1283 1013 1342 nlsi
1023 1281 1098 1342 iorte

101 1360 223 1424 blandior
246 1361 338 1440 mihi,
354 1364 496 1442 antiquum
515 1361 633 1422 notabili
655 1361 764 1422 bonore
786 1364 916 1441 signavit.
949 1362 1028 1425 Haec
1048 1365 1141 1425 sibim

101 1447 290 1591 libili
305 1445 572 1591 “iiiiii
586 1441 1098 1592 tltll⁰¹lillt⁶¹til⁰lll⁰l

69 1549 286 1675 teodesindum
297 1548 560 1675 tgummtissimnm
568 1547 626 1674 {lezi
639 1575 769 1674 irauddre
784 1548 930 1696 volup’table
941 1633 1024 1694 qnam
1034 1617 1098 1694 ipse

102 1697 249 1774 capiebam.
282 1695 385 1775 Neque
403 1698 477 1758 enim
498 1713 561 1758 snm
579 1707 637 1759 tam
653 1697 769 1776 sapiens
783 1707 813 1758 ut
827 1697 896 1759 nibil
911 1716 975 1759 mea
988 1700 1099 1760 intersit
1108 1701 1142 1756 13

100 1795 130 1838 an
143 1781 176 1841 iis
191 1799 267 1860 quae
280 1779 403 1842 honeste
423 1781 531 1843 iecisse
552 1799 598 1841 me
620 1781 707 1842 credo
729 1782 892 1843 testificatio
915 1782 1052 1861 quaedem
1069 1790 1099 1841 et

101 1866 172 1940 quasi
190 1867 346 1942 praemium
358 1864 486 1926 accedat.
520 1863 602 1925 Vale.

576 1995 613 2056 ll.

67 2033 95 2087 2⁰
279 2096 307 2151 G.
324 2095 449 2148 PLINIUS
467 2095 648 2148 cnnruuuto
665 2096 789 2149 macco
808 2095 867 2148 SUO
884 2094 911 2150 S.

154 2198 270 2276 Accepi
284 2196 491 2276 pulcherrimos
511 2197 627 2276 turdos,
648 2215 713 2258 cnm
729 2198 832 2277 quibus
846 2214 944 2276 parem
959 2196 1125 2259 calculuml

101 2297 202 2359 ponere
216 2299 273 2343 nec
292 2280 370 2344 urbis
391 2283 483 2360 copiis
504 2299 541 2344 ex
554 2280 723 2343 laurentino
737 2300 792 2342 nec
808 2281 892 2342 maris
906 2289 963 2341 tam
977 2280 1098 2343 turbidis

100 2366 310 2444 tempestatibus
327 2381 454 2442 possum.
474 2363 611 2444 Recipies
626 2383 698 2444 ergo
711 2365 848 2444 epistulas
863 2363 977 2428 steriles
993 2375 1023 2427 et
1034 2368 1124 2426 sim-t

67 2447 207 2526 ttpliciter
233 2451 359 2526 ingratas
380 2466 415 2509 ac
435 2467 472 2509 ne
493 2448 569 2510 illam
591 2449 705 2528 quidem
724 2449 880 2512 sollertiam
902 2447 1050 2512 Diomedis
1070 2452 1099 2510 in

101 2531 280 2610 permutando
293 2550 410 2594 munere
421 2533 572 2594 imitantes.
595 2530 666 2610 Sed,
681 2551 759 2612 quae·
768 2532 889 2596 facilitas
900 2543 959 2612 tua,
974 2533 1031 2595 hoc
1042 2551 1099 2594 ma·

101 2616 140 2690 gis
152 2614 231 2677 dabis
246 2617 358 2677 veniam
371 2615 448 2695 quod
463 2635 496 2678 se
513 2634 570 2678 non
583 2617 687 2676 mereri
703 2617 835 2679 latentur.
868 2615 949 2677 Vale.

567 2746 617 2809 lll.

68 2867 97 2924 ω
315 2847 343 2902 c.
362 2847 487 2900 rutulus
505 2846 590 2900 struo
609 2846 763 2899 nmsnoru
780 2845 840 2900 suo
860 2847 886 2898 s

157 2948 228 3012 Cum
250 2951 370 3030 plurima
390 2950 485 3012 cilicia
505 2960 553 3013 tua
572 2950 638 3011 mibi
657 2961 737 3028 grata
756 2959 786 3010 et
800 2949 920 3030 iucunda
936 2958 1018 3028 sunt,
1041 2958 1125 3011 tumt

102 3032 144 3093 nel
164 3035 284 3096 maxime
306 3034 384 3115 quod
402 3053 449 3095 me
469 3033 618 3114 celandmn
631 3052 689 3095 non
705 3036 810 3114 putasti
825 3034 915 3097 luisse
929 3033 1004 3114 apud
1016 3043 1046 3094 te
1063 3033 1099 3092 de

102 3116 247 3179 versiculis
267 3120 338 3179 meis
358 3116 475 3180 multum
496 3120 700 3198 copiosumque
721 3135 900 3196 sermonem,
922 3135 1044 3196 eamque
1059 3115 1099 3177 di-

102 3202 231 3262 rerritate
247 3201 413 3263 iudiciorum
426 3201 540 3280 longim
551 3204 745 3281 processisse,
760 3202 906 3263 exstitisse
919 3203 1003 3262 etiam
1014 3217 1100 3279 quos-

69 3278 159 3343 tldam
173 3286 222 3365 qni
236 3287 343 3364 scripta
357 3285 470 3364 quidem
485 3287 547 3366 ipsa
560 3303 617 3346 non
631 3284 824 3365 improbarent,
841 3303 886 3346 me
901 3292 995 3346 tamen
1009 3286 1101 3346 amice

103 3366 320 3448 simpliciterque
336 3367 581 3450 reprehenderent
596 3369 673 3449 quod
683 3369 756 3431 haec
767 3368 926 3431 scriberem
936 3369 1100 3430 recitarem·

104 3464 164 3526 que.
196 3450 307 3525 Quibus
327 3471 400 3532 ego,
423 3463 453 3514 ut
472 3471 591 3532 augeam
606 3470 697 3515 meam
714 3453 842 3532 culpam,
867 3454 906 3513 ita
919 3450 1126 3531 respondenti

104 3529 173 3595 lacio
195 3551 254 3595 non
272 3555 421 3616 numquam
436 3535 597 3599 versiculos
617 3553 739 3599 severos
759 3554 873 3616 parum,
899 3534 990 3602 iacio;
1016 3533 1099 3592 etiam
