2580 3978
160 263 213 304 vrrr
578 252 812 308 PRAEFATIO.

162 409 310 480 deocriptum
320 409 493 466 msedioercm.
513 423 578 464 nuno
587 423 652 474 uero,
660 408 768 465 llediceo
779 415 804 464 et
814 409 929 466 venemo
935 409 1059 466 codicibus
1068 411 1227 466 marincense

161 507 233 566 quarn
244 507 301 549 oum
311 492 637 566 Pragmsisihdsoriptuds
648 492 749 558 collatis,
761 507 792 548 ex
803 493 855 564 ipso
862 492 977 559 lledioeo,
989 499 1045 550 ante
1055 509 1127 566 quam
1139 495 1164 550 iu
1175 494 1224 550 lta-

161 577 218 634 liam
230 577 412 642 ιιειιειειιειιιι,
423 591 437 632 a
448 575 590 632 Germanico
600 575 697 632 ibrario
708 575 856 649 Pragensem
865 577 1012 648 descdptum
1022 591 1076 634 εεεε
1087 578 1225 634 rarissimis

161 662 311 734 argumentis
321 660 474 732 deprehendi
493 675 541 734 quo
551 661 652 733 negotio
666 675 715 717 non
725 661 805 716 solum
815 675 871 716 oum
881 675 976 716 summa
985 661 1143 734 neglegentia
1153 660 1224 716 libra·
1269 665 1270 734 ᾗ

161 746 211 800 rius
222 745 320 800 iunceus
329 751 379 809 εει,
400 744 444 800 sed
461 745 533 800 edam
544 744 668 815 complura
678 759 734 799 cnm
744 745 797 815 ipse
806 745 902 800 novarit
912 751 964 800 tumr
974 758 990 798 e
1002 751 1100 800 centum
1109 744 1223 800 libromm

162 829 259 896 codice,
280 844 329 900 quo
339 834 461 900 praeterea
470 843 528 884 usura
540 835 584 893 est,
595 827 684 884 intulit.
706 829 787 901 itaque
797 827 855 883 huic
864 828 961 900 quidem
972 829 1051 886 codici
1060 830 1153 885 nullum
1162 829 1224 884 iuter

161 912 236 968 libros
246 927 319 967 ntanu
334 913 437 984 scriptos
451 913 618 967 auctoritatem
627 911 779 968 tdbuendam
788 925 841 967 esse
856 912 918 968 dico.
950 913 993 968 sed
1009 917 1084 968 restat
1103 918 1224 984 praeterea
1270 930 1271 1008 p

161 997 221 1052 alius
238 996 328 1062 codex,
344 995 376 1052 de
391 1011 440 1068 quo
449 995 570 1052 difficilium
582 1001 620 1050 εει
635 995 765 1060 iudicium,
781 1009 836 1051 enm
848 995 903 1051 dico
914 1010 928 1050 o
938 1011 986 1069 qno
996 1011 1059 1052 anno
1071 1000 1140 1056 lues
1149 996 1224 1052 Aldus
1270 1027 1271 1040 ι

161 1086 274 1137 octavum
283 1079 372 1134 librum
381 1079 473 1150 primus
482 1087 508 1136 ει
516 1080 639 1151 integnrnr
650 1078 723 1134 edidit
733 1087 757 1134 et
774 1094 820 1134 suo
836 1079 892 1135 loco
911 1079 1023 1136 ιιειίιιιίι.
1049 1079 1081 1136 de
1098 1095 1128 1136 eo
1148 1079 1222 1152 igitur

160 1163 235 1220 didm
244 1163 376 1234 inepistula
386 1163 417 1219 ad
426 1163 542 1220 niomium
558 1162 830 1219 llocenicrmllenetum
840 1162 896 1218 data
904 1161 965 1219 haec
975 1161 1049 1220 habet
1066 1161 1127 1220 ‘Sed
1137 1178 1220 1236 exque

162 1253 189 1303 tu
201 1261 216 1302 ε
228 1245 303 1303 Gallia
316 1247 409 1302 -has
419 1245 488 1303 Plinii
499 1245 648 1318 epistolasin
659 1245 751 1302 ltaliam
761 1247 902 1318 reportasti,
926 1247 952 1302 in
961 1247 1101 1303 membrana
1113 1247 1218 1317 scriptas
1271 1280 1272 1324 ι

160 1337 232 1402 ιιφιε
243 1331 302 1388 adeo
313 1331 412 1388 divesis
423 1345 437 1385 a
447 1331 534 1387 nonus
542 1329 726 1395 characteribus,
736 1336 764 1386 ut
773 1331 820 1386 nisi
831 1331 884 1403 quis
894 1329 936 1387 diu
946 1330 1084 1395 amueuerit,
1095 1346 1145 1386 non
1152 1338 1220 1402 quem
1271 1355 1272 1360 ¹

160 1415 251 1487 legere,
264 1414 334 1484 coepi
346 1429 443 1485 sperare
454 1415 543 1470 ιιιίιιιιιι
552 1415 578 1470 in
587 1414 700 1478 modum,
715 1414 767 1470 t'ore
778 1421 856 1470 aetate
866 1421 955 1480 nocua
965 1421 994 1480 ιιι
1002 1414 1099 1485 plurimi
1109 1427 1141 1470 ex
1152 1414 1221 1470 bonis

160 1498 652 1569 sumneusqmsnonextarecredimns,
663 1497 819 1553 inveniantur.
841 1496 1222 1568 listenimvdumenipsumnon

159 1582 238 1638 solum
249 1582 465 1647 correctissimum,
485 1581 529 1638 sed
539 1583 611 1638 etiam
620 1582 653 1637 ita
663 1581 799 1653 antiquum,
824 1588 852 1637 ut
862 1587 945 1651 putem
955 1581 1071 1651 scriptum
1081 1580 1152 1637 Plinii
1160 1587 1222 1636 tem·

160 1665 265 1736 poribus.
279 1695 319 1706 —
330 1665 400 1722 Nunc
413 1672 500 1734 autem,
512 1666 576 1738 quod
590 1679 724 1736 possumus,
734 1664 807 1722 hasce
818 1663 924 1720 Secundi
933 1665 1046 1736 epistolas
1056 1665 1140 1720 damus
1150 1681 1221 1737 quam
1272 1630 1273 1720 i

159 1749 390 1815 correctissimum
403 1750 490 1822 quihus
503 1749 577 1804 etiam
586 1749 677 1805 multae
689 1755 754 1813 sunl,
765 1748 933 1822 quaeantelrao
940 1748 1151 1805 nonhabebantur.
1172 1747 1222 1805 Sed

159 1832 203 1888 tibi
216 1833 336 1903 inprimis
348 1832 457 1888 habenda
471 1840 508 1889 εει
524 1833 626 1903 plurima
636 1833 713 1905 gratia
725 1833 816 1906 inclyte
826 1832 914 1897 Aloisi,
935 1832 977 1904 quui
1000 1832 1123 1903 exemplar
1141 1831 1221 1902 ipsum

159 1916 312 1986 epistolarum
329 1916 608 1988 repromastiinltaliam,
632 1915 737 1988 mirique
761 1916 859 1982 dedisti,
880 1921 909 1972 ut
929 1930 1045 1972 eremum
1064 1915 1220 1988 publicarem.

159 1999 252 2055 Deinde
262 1999 369 2057 iucundo
382 2000 577 2056 Veronensilliro
587 1999 705 2072 singulari
722 2000 836 2073 ingenio,
857 2014 886 2055 ac
898 2000 1017 2057 bonarum
1024 2000 1158 2057 litterarum
1168 2007 1220 2056 stu-

159 2082 309 2150 diosissimo,
331 2085 396 2157 quod
415 2090 441 2140 et
458 2085 554 2140 easdem
571 2083 676 2140 &endi
696 2084 810 2154 ep'mtolas
826 2083 856 2139 ab
867 2097 897 2140 eo
911 2085 964 2155 ipse
974 2083 1128 2155 exemplaria
1140 2083 1221 2140 sede-

157 2167 294 2238 scriptasin
305 2167 381 2224 Gallia
392 2168 521 2240 diligenter
529 2175 556 2224 ul
567 2168 625 2224 lacit
634 2169 728 2233 omnia,
750 2174 775 2223 et
796 2181 840 2224 sex
864 2167 910 2224 alia
926 2167 1048 2224 uolumina
1064 2166 1220 2238 epistularum

157 2251 244 2322 partim
255 2266 328 2307 manu
338 2252 439 2322 scripta,
456 2253 543 2322 partim
552 2252 667 2322 impressa
677 2251 787 2322 quidem
803 2251 847 2307 sed
859 2265 916 2307 cum
927 2252 1030 2324 antiquis
1040 2251 1127 2307 collata
1136 2265 1220 2306 exem·

156 2334 275 2406 pluribus,
287 2335 317 2392 ad
325 2349 366 2390 me
378 2335 430 2406 ipse
440 2349 484 2390 sna
493 2341 593 2406 monte,
611 2349 672 2406 quae
683 2335 757 2405 ipsisne
767 2341 804 2390 est
814 2349 872 2407 erga
882 2336 1004 2392 studiosos
1014 2335 1106 2391 omneis
1115 2333 1221 2392 benere

156 2418 242 2485 lontia,
253 2418 422 2490 reportaverit,
433 2417 505 2489 idque
514 2418 611 2474 hiennio
621 2423 684 2484 ante,
694 2433 765 2490 quam
776 2426 802 2476 tu
811 2419 890 2490 ipsum
901 2419 961 2476 mihi
970 2419 1090 2490 exemplar
1096 2418 1222 2489 publican-

158 2503 215 2558 dum
231 2502 376 2560 tradidisset.
409 2499 506 2557 diseunt
524 2502 601 2575 igitur
616 2500 741 2558 ltaePlinii
756 2503 871 2574 epistolae
887 2504 912 2562 in
927 2518 1013 2559 manus
1028 2503 1178 2558 literatomm
1196 2508 1218 2560 cl

159 2593 199 2641 tua
209 2593 234 2642 et
244 2586 344 2644 lucundi
354 2585 430 2642 nostri
440 2586 465 2642 in
475 2585 530 2642 illos
539 2585 712 2652 bonmolentia,
724 2587 938 2643 emendatissimus
947 2615 991 2626 -
1010 2584 1071 2641 Esse
1080 2591 1162 2641 autem
1172 2585 1222 2642 Pli-
1258 2587 1262 2597 '

157 2668 190 2724 nii
201 2670 313 2740 epistolas
323 2669 499 2734 adTraianum,
510 2669 593 2725 multis
602 2669 733 2725 rationibus
743 2670 838 2740 probari
848 2677 942 2742 potest,
958 2669 1002 2726 sed
1011 2668 1049 2724 h's
1059 2668 1221 2740 potissimum.

156 2751 277 2818 Primum,
289 2753 344 2825 quia
354 2752 379 2807 in
389 2753 553 2825 antiquissimo
566 2753 696 2824 exemplari
709 2769 756 2810 una
768 2769 824 2810 cnm
838 2754 890 2810 aliis
903 2761 931 2810 ιιι
940 2770 986 2810 nos
996 2752 1167 2823 imprimendas
1177 2769 1222 2808 ou·

156 2837 272 2902 cadmus,
283 2835 329 2892 surh
338 2835 408 2892 Plinii
420 2834 525 2892 Secund
536 2837 634 2894 ιιοιιιίιιε
642 2837 745 2908 scriptae
754 2843 827 2893 sunt'.
847 2837 982 2894 accuratim
994 2843 1076 2893 autem
1085 2835 1127 2890 ubi
1136 2836 1223 2891 innen-

155 2927 197 2976 tus
206 2919 279 2976 fucrit
289 2920 366 2976 codex
377 2920 450 2976 docet
460 2919 600 2978 Gnilielmus
610 2920 722 2978 Budaeus
731 2919 796 2977 letus
805 2921 831 2976 in
841 2920 1040 2978 Adnotationibus
1051 2918 1223 2975 inPandectas

155 3019 218 3060 anno
230 3008 300 3062 1508
313 3004 417 3074 primum
427 3003 496 3060 editis
507 3005 576 3074 (ntor
585 3005 690 3060 editione
698 3004 854 3077 lugdunensi
863 3019 926 3061 anno
937 3005 1006 3062 1563
1017 3004 1108 3071 nou),
1129 3003 1156 3058 in
1165 3003 1220 3074 qui·

154 3088 201 3144 bus
210 3102 267 3143 cnm
277 3087 401 3159 complura
411 3102 442 3143 ειι
453 3088 537 3144 edem
548 3087 632 3144 codice
641 3088 761 3154 delibavit,
771 3094 826 3144 tum
835 3102 860 3159 p.
868 3091 926 3154 149,
936 3094 1066 3160 postquam
1073 3086 1105 3143 de
1116 3086 1222 3158 epistula

154 3171 248 3228 deuna
257 3171 312 3226 libri
322 3172 400 3227 octavi
410 3171 525 3243 quaedam
535 3172 653 3243 asenpsit,
665 3170 771 3228 ‘uerum’
782 3172 859 3243 inurit
866 3171 876 3205 ³
884 3172 945 3230 haec
955 3171 1056 3244 epistola
1065 3176 1090 3227 et
1099 3169 1161 3228 uliae
1170 3185 1222 3227 non

153 3268 246 3326 paucae
256 3254 281 3311 in
292 3254 417 3311 codicibus
426 3255 547 3326 inpressis
557 3269 607 3311 non
616 3255 743 3328 legmtrrr:
754 3271 800 3312 nos
810 3257 932 3329 integrum
944 3256 1021 3314 ferme
1029 3253 1133 3313 Plinium
1144 3253 1222 3311 hane·

154 3353 210 3394 moa
219 3338 323 3410 primunr
334 3339 397 3411 apud
407 3337 509 3395 Parisios
517 3345 638 3410 repertarm
649 3353 721 3410 opera
731 3339 832 3397 lucundi
841 3339 986 3408 sacerdotis,
995 3338 1101 3398 hominis
1110 3338 1222 3410 antiqrm·

153 3423 189 3489 rii,
205 3422 377 3496 mohimtique
385 3420 493 3479 nohin’.
508 3422 582 3496 dignu
590 3429 712 3493 praeterea
723 3437 784 3496 quae
793 3423 926 3498 legaturde
935 3440 965 3481 eo
975 3424 1059 3481 codiee
1069 3426 1107 3477 est
1116 3422 1222 3492 epistula

152 3505 266 3564 Calanae
283 3507 313 3564 ad
324 3505 465 3564 Sadoletum
475 3505 530 3562 data
547 3506 572 3562 in
588 3506 693 3563 editione
710 3509 765 3563 anni
785 3511 861 3567 1518
881 3523 938 3564 nam
957 3507 1022 3581 quod
1037 3503 1173 3575 descriptos
1190 3505 1223 3562 de
