2580 3970
388 156 541 336 &207
577 197 895 280 mammo

333 663 370 748 c.
410 663 570 748 Pthl
611 664 845 747 dlhdlhl

507 811 673 873 sucorum

177 941 1004 1059 lllllltlutls.

149 1264 227 1324 Bene
242 1280 277 1324 uc
290 1264 452 1344 sapienter,
466 1273 563 1344 patres
579 1266 750 1343 conscripti,
771 1265 893 1325 maiores
907 1265 1087 1326 instituerunt
1101 1271 1117 1336 l

58 1355 117 1410 eut
129 1365 223 1408 rernm
239 1347 410 1426 agendarum
424 1349 463 1409 itu
478 1346 590 1409 dicendi
603 1349 710 1410 initium
720 1348 958 1427 aprecationihus
971 1365 1086 1427 capere,

84 1431 164 1508 quod
177 1429 245 1490 nihil
259 1434 330 1509 rite,
351 1431 421 1492 nihil
434 1431 619 1511 providenter
632 1431 762 1493 homiues
777 1431 839 1495 siue
856 1430 973 1491 deorum
987 1432 1089 1492 inmor-

83 1513 186 1574 talium·
203 1531 259 1593 ope
282 1514 404 1575 consilio
428 1515 538 1576 honore
560 1517 784 1595 auspicarentur.
827 1513 882 1588 Qui
897 1531 959 1575 mos
976 1516 1022 1574 cui
1037 1531 1089 1594 po·

84 1599 141 1659 tius
155 1615 238 1678 quam
253 1597 381 1676 consuli,
403 1607 451 1658 aut
466 1597 579 1678 quaudo
593 1601 685 1677 magis
700 1597 877 1677 usurpandus
894 1595 1088 1677 colendusque

84 1689 131 1742 est
150 1698 233 1759 quam
254 1699 317 1742 cum
337 1682 457 1759 imperio
478 1692 611 1761 senatus,
642 1683 810 1746 auctoritate
831 1683 873 1742 rei
898 1681 1030 1761 publicae
1054 1681 1088 1742 ad

9 1799 15 1820 .
42 1782 75 1834 10
84 1763 210 1842 agendas
225 1765 332 1843 optimc
347 1765 469 1845 principi
486 1767 592 1844 gratias
607 1763 783 1828 excitamur?
819 1764 902 1839 Quod
916 1767 992 1826 enim
1004 1755 1092 1844 pree!

84 1847 213 1908 stabilius
231 1856 276 1908 est
289 1854 338 1908 aut
351 1847 497 1927 pulchrius
511 1868 611 1910 munus
626 1850 744 1911 deorum
759 1865 841 1928 quam
862 1857 957 1911 castus
978 1856 1008 1910 et
1025 1865 1086 1909 san·

84 1940 148 1992 ctus
162 1940 192 1992 et
207 1930 260 1994 diis
274 1930 431 1994 simillimus
446 1930 603 2011 princeps?
638 1932 682 1995 hc
703 1935 727 1994 si
747 1933 840 1992 adhuc
855 1931 969 1992 dubium
983 1932 1087 1992 luisset

83 2014 158 2074 lorte
173 2031 301 2094 casuque
314 2024 444 2076 rectores
460 2017 545 2076 terris
559 2033 594 2076 an
608 2014 703 2095 aliquo
718 2016 831 2075 numine
845 2015 994 2092 darentur,
1010 2014 1086 2092 prin·

83 2099 179 2176 cipem
192 2105 284 2158 tanuen
298 2107 425 2159 nostrum
439 2097 563 2176 liqueret
575 2098 708 2160 diuinitus
720 2099 910 2161 constitutum.
936 2095 1001 2157 Non
1013 2097 1086 2158 enim

40 2190 73 2243 15
86 2179 201 2242 occultu
214 2189 357 2259 potestate
370 2181 491 2242 latorum
503 2180 556 2242 sed
568 2181 603 2244 ah
618 2180 688 2242 Ioue
702 2183 768 2262 ipsc
785 2198 879 2243 corum
891 2198 926 2240 ac
937 2179 1028 2260 palum
1041 2197 1085 2239 re·

82 2271 183 2343 pertus
202 2271 262 2333 est:
281 2263 394 2328 electus
412 2266 519 2344 quippe
534 2266 607 2326 iuter
623 2283 686 2327 aras
701 2275 731 2326 el
745 2264 842 2326 altaria
856 2263 1015 2343 eodemque
1030 2263 1086 2323 loci

83 2364 169 2425 quem
186 2346 257 2408 deus
275 2346 325 2408 ille
344 2357 401 2408 tam
418 2347 586 2416 manifestus
607 2367 641 2409 ac
663 2365 802 2427 praesens
824 2365 906 2427 quarn
927 2345 1037 2408 caelum
1051 2364 1086 2406 ac

82 2429 177 2492 sidera
196 2429 309 2492 insedit.
351 2429 415 2504 Quo
436 2433 526 2509 magis
543 2441 639 2512 aptum
659 2433 796 2512 piumque
817 2439 864 2492 est
883 2439 930 2509 te,
957 2429 1087 2510 luppiter

82 2513 190 2593 optime
203 2516 340 2591 maxime,
355 2524 438 2575 autea
452 2515 643 2595 conditorem,
659 2533 733 2576 nunc
750 2523 982 2577 conservatorem
996 2515 1086 2592 impe·

39 2611 75 2665 20
83 2599 117 2656 rii
131 2598 238 2675 nostri,
259 2599 371 2676 precari
386 2606 416 2658 ut
430 2597 497 2658 mihi
514 2597 598 2677 digna
615 2597 751 2676 consule,
768 2597 852 2676 digna
868 2607 985 2674 senatu,
1002 2596 1087 2674 digua

82 2681 213 2759 principe
233 2681 378 2760 continget
399 2683 506 2758 oratio,
532 2690 620 2762 utque
635 2681 764 2744 omnihus
779 2699 852 2760 quae
867 2680 996 2741 dicentur
1010 2697 1025 2739 a
1039 2697 1085 2740 me

81 2763 201 2825 libertus
223 2763 293 2824 ludes
314 2765 420 2826 ueritas
433 2773 563 2843 constet,
591 2773 753 2844 tantumque
769 2783 785 2824 a
802 2765 903 2843 specie
917 2762 1084 2824 adulationis

81 2846 157 2907 ahsit
171 2848 322 2923 gratiarum
338 2849 413 2910 actio
427 2866 491 2910 mea
504 2857 636 2927 quantum
649 2849 731 2910 abest
744 2865 760 2908 a
774 2847 958 2908 necessitate.

149 2928 289 3011 Equidem
308 2948 365 2992 uon
386 2931 496 2992 consuli
516 2931 599 2992 modo
620 2931 674 2993 sed
696 2930 824 2992 omuibus
845 2931 954 2991 ciuibus
975 2919 1114 2991 cmiter-2

39 3011 277 3074 usdumrcorue
292 3014 410 3093 quidde
425 3016 554 3094 principe
575 3024 673 3078 nostro
694 3016 732 3075 ita
755 3015 848 3075 dicam
870 3023 900 3074 ut
919 3013 994 3074 idem
1013 3009 1085 3074 illud

82 3095 118 3156 dc
139 3095 195 3156 alio
216 3096 271 3158 dici
291 3100 420 3177 potuisse
434 3098 571 3160 uideatur.
609 3097 702 3172 Quare
719 3098 820 3160 uheaul
835 3115 869 3158 ac
884 3097 1019 3158 recedant
1034 3113 1084 3156 vo-

82 3198 133 3242 ces
155 3178 231 3262 illae,
246 3198 316 3259 quas
337 3190 429 3243 metus
451 3181 641 3259 exprimebat:
665 3181 734 3242 nihil
752 3181 836 3262 quale
857 3179 1083 3262 aute„dicumus;

80 3262 150 3324 nihil
166 3265 240 3323 enim
254 3264 339 3344 quale
353 3273 435 3326 autea
450 3265 585 3344 patimur:
611 3283 668 3326 nec
687 3263 785 3327 eadem
806 3263 842 3325 de
864 3265 994 3343 principe
1011 3281 1083 3341 quae

80 3348 160 3426 prius
175 3346 386 3426 praedicemus;
406 3367 500 3426 neque
523 3350 598 3409 enim
613 3349 711 3409 eedem
725 3366 799 3428 quae
814 3346 891 3424 prius
906 3355 1022 3408 secreto
1040 3345 1083 3406 lo·

38 3432 202 3509 coquimur.
238 3429 422 3494 Discernatur
438 3431 611 3492 orationihus
625 3432 731 3494 nostris
746 3431 896 3493 diversitas
910 3439 1081 3511 temporum,

80 3524 158 3576 etex
170 3515 235 3595 ipso
246 3533 354 3592 genere
365 3516 515 3594 gratimum
526 3513 696 3594 agendarum
706 3514 888 3594 intellegetur
901 3516 956 3592 cui,
970 3513 1082 3594 quando
