<?xml version="1.0" encoding="UTF-8"?>
<!DOCTYPE html PUBLIC "-//W3C//DTD XHTML 1.0 Transitional//EN"
    "http://www.w3.org/TR/xhtml1/DTD/xhtml1-transitional.dtd">
<html xmlns="http://www.w3.org/1999/xhtml" xml:lang="en" lang="en">
 <head>
  <title>
</title>
<meta http-equiv="Content-Type" content="text/html;charset=utf-8" />
  <meta name='ocr-system' content='tesseract 3.04.00' />
  <meta name='ocr-capabilities' content='ocr_page ocr_carea ocr_par ocr_line ocrx_word'/>
</head>
<body>
  <div class='ocr_page' id='page_1' title='image "./cplinicaecilise05plingoog_0282.png"; bbox 0 0 2580 3970; ppageno 0'>
   <div class='ocr_carea' id='block_1_1' title="bbox 357 264 1113 332">
    <p class='ocr_par' dir='ltr' id='par_1_1' title="bbox 357 264 1113 332">
     <span class='ocr_line' id='line_1_1' title="bbox 357 264 1113 332; baseline 0.007 -5"><span class='ocrx_word' id='word_1_1' title='bbox 357 264 622 329; x_wconf 81' lang='lat' dir='ltr'><strong>PANEGYRIGUS</strong></span> <span class='ocrx_word' id='word_1_2' title='bbox 642 278 687 331; x_wconf 77' lang='lat'><strong>20·</strong></span> <span class='ocrx_word' id='word_1_3' title='bbox 698 277 744 330; x_wconf 74' lang='lat' dir='ltr'><strong>il.</strong></span> <span class='ocrx_word' id='word_1_4' title='bbox 754 278 797 331; x_wconf 75' lang='lat'><strong>22.</strong></span> <span class='ocrx_word' id='word_1_5' title='bbox 810 277 855 331; x_wconf 75' lang='lat'><strong>23.</strong></span> <span class='ocrx_word' id='word_1_6' title='bbox 1051 267 1113 332; x_wconf 76' lang='lat'><strong>251</strong></span> 
     </span>
    </p>
   </div>
   <div class='ocr_carea' id='block_1_2' title="bbox 62 417 1178 3602">
    <p class='ocr_par' dir='ltr' id='par_1_2' title="bbox 62 417 1178 3602">
     <span class='ocr_line' id='line_1_2' title="bbox 108 417 1114 500; baseline 0.003 -20"><span class='ocrx_word' id='word_1_7' title='bbox 108 419 185 481; x_wconf 85' lang='lat' dir='ltr'><strong>mus!</strong></span> <span class='ocrx_word' id='word_1_8' title='bbox 213 418 326 482; x_wconf 87' lang='lat' dir='ltr'><strong>Nomen</strong></span> <span class='ocrx_word' id='word_1_9' title='bbox 341 417 428 499; x_wconf 89' lang='lat' dir='ltr'><strong>illud,</strong></span> <span class='ocrx_word' id='word_1_10' title='bbox 447 420 524 498; x_wconf 86' lang='lat' dir='ltr'><strong>quod</strong></span> <span class='ocrx_word' id='word_1_11' title='bbox 537 417 585 481; x_wconf 91' lang='lat' dir='ltr'><strong>alii</strong></span> <span class='ocrx_word' id='word_1_12' title='bbox 599 421 691 498; x_wconf 90' lang='lat' dir='ltr'><strong>primo</strong></span> <span class='ocrx_word' id='word_1_13' title='bbox 706 422 798 482; x_wconf 88' lang='lat' dir='ltr'><strong>statim</strong></span> <span class='ocrx_word' id='word_1_14' title='bbox 811 421 985 500; x_wconf 78' lang='lat' dir='ltr'><strong>principatus</strong></span> <span class='ocrx_word' id='word_1_15' title='bbox 1001 420 1067 500; x_wconf 91' lang='lat' dir='ltr'><strong>die,</strong></span> <span class='ocrx_word' id='word_1_16' title='bbox 1082 432 1114 483; x_wconf 91' lang='lat' dir='ltr'><strong>ut</strong></span> 
     </span>
     <span class='ocr_line' id='line_1_3' title="bbox 107 500 1112 583; baseline 0.001 -19"><span class='ocrx_word' id='word_1_17' title='bbox 107 505 287 582; x_wconf 90' lang='lat' dir='ltr'><strong>imperatoris</strong></span> <span class='ocrx_word' id='word_1_18' title='bbox 308 513 338 564; x_wconf 91' lang='lat' dir='ltr'><strong>et</strong></span> <span class='ocrx_word' id='word_1_19' title='bbox 354 500 502 578; x_wconf 84' lang='lat' dir='ltr'><strong>Caesaris,</strong></span> <span class='ocrx_word' id='word_1_20' title='bbox 530 513 719 582; x_wconf 85' lang='lat' dir='ltr'><strong>receperunt,</strong></span> <span class='ocrx_word' id='word_1_21' title='bbox 745 512 775 564; x_wconf 92' lang='grc' dir='ltr'><strong>ιιι</strong></span> <span class='ocrx_word' id='word_1_22' title='bbox 795 521 888 583; x_wconf 85' lang='lat' dir='ltr'><strong>usqne</strong></span> <span class='ocrx_word' id='word_1_23' title='bbox 909 523 946 565; x_wconf 94' lang='lat' dir='ltr'><strong>eo</strong></span> <span class='ocrx_word' id='word_1_24' title='bbox 968 504 1112 583; x_wconf 78' lang='lat' dir='ltr'><strong>distulisti,</strong></span> 
     </span>
     <span class='ocr_line' id='line_1_4' title="bbox 107 586 1112 668; baseline 0 -20"><span class='ocrx_word' id='word_1_25' title='bbox 107 589 202 649; x_wconf 91' lang='lat' dir='ltr'><strong>doneo</strong></span> <span class='ocrx_word' id='word_1_26' title='bbox 215 597 246 648; x_wconf 92' lang='lat' dir='ltr'><strong>tu</strong></span> <span class='ocrx_word' id='word_1_27' title='bbox 260 605 392 668; x_wconf 84' lang='lat' dir='ltr'><strong>quoque,</strong></span> <span class='ocrx_word' id='word_1_28' title='bbox 406 586 612 648; x_wconf 82' lang='lat' dir='ltr'><strong>beneficiorum</strong></span> <span class='ocrx_word' id='word_1_29' title='bbox 624 597 736 649; x_wconf 89' lang='lat' dir='ltr'><strong>toomrn</strong></span> <span class='ocrx_word' id='word_1_30' title='bbox 746 589 929 667; x_wconf 90' lang='lat' dir='ltr'><strong>parcissimus</strong></span> <span class='ocrx_word' id='word_1_31' title='bbox 939 591 1112 667; x_wconf 89' lang='lat' dir='ltr'><strong>aestimator,</strong></span> 
     </span>
     <span class='ocr_line' id='line_1_5' title="bbox 106 670 1113 753; baseline 0 -20"><span class='ocrx_word' id='word_1_32' title='bbox 106 675 163 733; x_wconf 89' lang='lat' dir='ltr'><strong>iam</strong></span> <span class='ocrx_word' id='word_1_33' title='bbox 176 681 207 732; x_wconf 93' lang='lat' dir='ltr'><strong>te</strong></span> <span class='ocrx_word' id='word_1_34' title='bbox 220 675 324 732; x_wconf 88' lang='lat' dir='ltr'><strong>mereri</strong></span> <span class='ocrx_word' id='word_1_35' title='bbox 338 671 481 732; x_wconf 76' lang='lat' dir='ltr'><strong>fatereris.</strong></span> <span class='ocrx_word' id='word_1_36' title='bbox 500 670 601 750; x_wconf 84' lang='lat' dir='ltr'><strong>ltaque</strong></span> <span class='ocrx_word' id='word_1_37' title='bbox 615 671 671 732; x_wconf 90' lang='lat' dir='ltr'><strong>soli</strong></span> <span class='ocrx_word' id='word_1_38' title='bbox 686 674 808 732; x_wconf 88' lang='lat' dir='ltr'><strong>omnium</strong></span> <span class='ocrx_word' id='word_1_39' title='bbox 823 674 943 750; x_wconf 79' lang='lat' dir='ltr'><strong>contigit</strong></span> <span class='ocrx_word' id='word_1_40' title='bbox 956 673 1007 732; x_wconf 91' lang='lat' dir='ltr'><strong>tibi</strong></span> <span class='ocrx_word' id='word_1_41' title='bbox 1022 682 1053 733; x_wconf 93' lang='lat' dir='ltr'><strong>ut</strong></span> <span class='ocrx_word' id='word_1_42' title='bbox 1064 691 1113 753; x_wconf 92' lang='lat' dir='ltr'><strong>pa·</strong></span> 
     </span>
     <span class='ocr_line' id='line_1_6' title="bbox 80 755 1112 834; baseline 0.002 -19"><span class='ocrx_word' id='word_1_43' title='bbox 80 764 155 816; x_wconf 78' lang='lat' dir='ltr'><strong>ster</strong></span> <span class='ocrx_word' id='word_1_44' title='bbox 171 757 279 834; x_wconf 87' lang='lat' dir='ltr'><strong>patriae</strong></span> <span class='ocrx_word' id='word_1_45' title='bbox 292 773 376 816; x_wconf 89' lang='lat' dir='ltr'><strong>esses</strong></span> <span class='ocrx_word' id='word_1_46' title='bbox 391 763 456 816; x_wconf 91' lang='lat' dir='ltr'><strong>ante</strong></span> <span class='ocrx_word' id='word_1_47' title='bbox 472 772 555 834; x_wconf 85' lang='lat' dir='ltr'><strong>quam</strong></span> <span class='ocrx_word' id='word_1_48' title='bbox 569 756 664 816; x_wconf 84' lang='lat' dir='ltr'><strong>fleres.</strong></span> <span class='ocrx_word' id='word_1_49' title='bbox 684 755 756 817; x_wconf 79' lang='lat' dir='ltr'><strong>Erae</strong></span> <span class='ocrx_word' id='word_1_50' title='bbox 772 757 848 816; x_wconf 91' lang='lat' dir='ltr'><strong>enim</strong></span> <span class='ocrx_word' id='word_1_51' title='bbox 861 758 889 815; x_wconf 89' lang='lat' dir='ltr'><strong>in</strong></span> <span class='ocrx_word' id='word_1_52' title='bbox 900 757 1016 834; x_wconf 87' lang='lat' dir='ltr'><strong>animis,</strong></span> <span class='ocrx_word' id='word_1_53' title='bbox 1032 758 1112 817; x_wconf 89' lang='lat' dir='ltr'><strong>iniu-</strong></span> 
     </span>
     <span class='ocr_line' id='line_1_7' title="bbox 109 839 1112 918; baseline 0.003 -20"><span class='ocrx_word' id='word_1_54' title='bbox 109 840 192 900; x_wconf 91' lang='lat' dir='ltr'><strong>diciis</strong></span> <span class='ocrx_word' id='word_1_55' title='bbox 216 841 339 916; x_wconf 85' lang='lat' dir='ltr'><strong>nostris,</strong></span> <span class='ocrx_word' id='word_1_56' title='bbox 366 856 421 899; x_wconf 88' lang='lat' dir='ltr'><strong>nec</strong></span> <span class='ocrx_word' id='word_1_57' title='bbox 441 839 577 918; x_wconf 92' lang='lat' dir='ltr'><strong>publicae</strong></span> <span class='ocrx_word' id='word_1_58' title='bbox 596 841 710 918; x_wconf 88' lang='lat' dir='ltr'><strong>pietatis</strong></span> <span class='ocrx_word' id='word_1_59' title='bbox 731 842 866 901; x_wconf 73' lang='lat' dir='ltr'><strong>intererat</strong></span> <span class='ocrx_word' id='word_1_60' title='bbox 879 839 948 918; x_wconf 84' lang='lat' dir='ltr'><strong>quid</strong></span> <span class='ocrx_word' id='word_1_61' title='bbox 961 858 1112 918; x_wconf 89' lang='lat' dir='ltr'><strong>vocarere,</strong></span> 
     </span>
     <span class='ocr_line' id='line_1_8' title="bbox 108 922 1113 1003; baseline 0.001 -20"><span class='ocrx_word' id='word_1_62' title='bbox 108 924 164 984; x_wconf 90' lang='lat' dir='ltr'><strong>nisi</strong></span> <span class='ocrx_word' id='word_1_63' title='bbox 181 923 257 1002; x_wconf 85' lang='lat' dir='ltr'><strong>qnod</strong></span> <span class='ocrx_word' id='word_1_64' title='bbox 271 927 379 1002; x_wconf 78' lang='lat' dir='ltr'><strong>ingrata</strong></span> <span class='ocrx_word' id='word_1_65' title='bbox 394 922 449 982; x_wconf 92' lang='lat' dir='ltr'><strong>sibi</strong></span> <span class='ocrx_word' id='word_1_66' title='bbox 462 923 627 1002; x_wconf 88' lang='lat' dir='ltr'><strong>videbatur,</strong></span> <span class='ocrx_word' id='word_1_67' title='bbox 654 925 678 984; x_wconf 91' lang='lat' dir='ltr'><strong>si</strong></span> <span class='ocrx_word' id='word_1_68' title='bbox 692 934 721 985; x_wconf 93' lang='lat' dir='ltr'><strong>te</strong></span> <span class='ocrx_word' id='word_1_69' title='bbox 735 924 935 1002; x_wconf 75' lang='lat' dir='ltr'><strong>imperatorem</strong></span> <span class='ocrx_word' id='word_1_70' title='bbox 951 925 1047 1003; x_wconf 90' lang='lat' dir='ltr'><strong>potius</strong></span> <span class='ocrx_word' id='word_1_71' title='bbox 1062 941 1113 984; x_wconf 87' lang='lat' dir='ltr'><strong>ro·</strong></span> 
     </span>
     <span class='ocr_line' id='line_1_9' title="bbox 109 1005 1113 1087; baseline 0 -20"><span class='ocrx_word' id='word_1_72' title='bbox 109 1015 190 1067; x_wconf 88' lang='lat' dir='ltr'><strong>earet</strong></span> <span class='ocrx_word' id='word_1_73' title='bbox 200 1017 230 1068; x_wconf 90' lang='lat' dir='ltr'><strong>et</strong></span> <span class='ocrx_word' id='word_1_74' title='bbox 246 1005 415 1085; x_wconf 79' lang='lat' dir='ltr'><strong>Gaesarem,</strong></span> <span class='ocrx_word' id='word_1_75' title='bbox 431 1023 496 1066; x_wconf 88' lang='lat' dir='ltr'><strong>cum</strong></span> <span class='ocrx_word' id='word_1_76' title='bbox 506 1016 616 1086; x_wconf 87' lang='lat' dir='ltr'><strong>patrem</strong></span> <span class='ocrx_word' id='word_1_77' title='bbox 630 1008 818 1087; x_wconf 83' lang='lat' dir='ltr'><strong>experiretur.</strong></span> <span class='ocrx_word' id='word_1_78' title='bbox 840 1006 924 1080; x_wconf 77' lang='lat' dir='ltr'><strong>Quod</strong></span> <span class='ocrx_word' id='word_1_79' title='bbox 937 1007 1050 1086; x_wconf 86' lang='lat' dir='ltr'><strong>quidem</strong></span> <span class='ocrx_word' id='word_1_80' title='bbox 1062 1025 1113 1068; x_wconf 91' lang='lat' dir='ltr'><strong>no·</strong></span> 
     </span>
     <span class='ocr_line' id='line_1_10' title="bbox 109 1090 1115 1170; baseline 0.001 -21"><span class='ocrx_word' id='word_1_81' title='bbox 109 1109 174 1150; x_wconf 88' lang='lat' dir='ltr'><strong>men</strong></span> <span class='ocrx_word' id='word_1_82' title='bbox 189 1108 244 1169; x_wconf 78' lang='lat' dir='ltr'><strong>qua</strong></span> <span class='ocrx_word' id='word_1_83' title='bbox 262 1091 452 1168; x_wconf 78' lang='lat' dir='ltr'><strong>benignitate,</strong></span> <span class='ocrx_word' id='word_1_84' title='bbox 468 1109 523 1170; x_wconf 83' lang='lat' dir='ltr'><strong>qua</strong></span> <span class='ocrx_word' id='word_1_85' title='bbox 537 1090 711 1168; x_wconf 79' lang='lat' dir='ltr'><strong>indulgentia</strong></span> <span class='ocrx_word' id='word_1_86' title='bbox 725 1091 862 1152; x_wconf 82' lang='lat' dir='ltr'><strong>exerces!</strong></span> <span class='ocrx_word' id='word_1_87' title='bbox 877 1100 909 1151; x_wconf 90' lang='lat' dir='ltr'><strong>ut</strong></span> <span class='ocrx_word' id='word_1_88' title='bbox 924 1109 987 1152; x_wconf 88' lang='lat' dir='ltr'><strong>cum</strong></span> <span class='ocrx_word' id='word_1_89' title='bbox 1004 1091 1115 1152; x_wconf 85' lang='lat' dir='ltr'><strong>civibus</strong></span> 
     </span>
     <span class='ocr_line' id='line_1_11' title="bbox 64 1174 1113 1254; baseline 0.002 -21"><span class='ocrx_word' id='word_1_90' title='bbox 64 1175 167 1235; x_wconf 86' lang='lat' dir='ltr'><strong>totuis</strong></span> <span class='ocrx_word' id='word_1_91' title='bbox 188 1176 268 1254; x_wconf 85' lang='lat' dir='ltr'><strong>quasi</strong></span> <span class='ocrx_word' id='word_1_92' title='bbox 290 1191 352 1235; x_wconf 91' lang='lat' dir='ltr'><strong>enm</strong></span> <span class='ocrx_word' id='word_1_93' title='bbox 374 1174 474 1236; x_wconf 90' lang='lat' dir='ltr'><strong>liberis</strong></span> <span class='ocrx_word' id='word_1_94' title='bbox 493 1192 597 1254; x_wconf 87' lang='lat' dir='ltr'><strong>parens</strong></span> <span class='ocrx_word' id='word_1_95' title='bbox 621 1174 708 1236; x_wconf 83' lang='lat' dir='ltr'><strong>rivis!</strong></span> <span class='ocrx_word' id='word_1_96' title='bbox 734 1184 765 1236; x_wconf 92' lang='grc' dir='ltr'><strong>ιιι</strong></span> <span class='ocrx_word' id='word_1_97' title='bbox 790 1193 927 1236; x_wconf 88' lang='lat' dir='ltr'><strong>reversas</strong></span> <span class='ocrx_word' id='word_1_98' title='bbox 948 1178 1113 1254; x_wconf 89' lang='lat' dir='ltr'><strong>imperator,</strong></span> 
     </span>
     <span class='ocr_line' id='line_1_12' title="bbox 109 1257 1114 1338; baseline 0.001 -21"><span class='ocrx_word' id='word_1_99' title='bbox 109 1259 156 1337; x_wconf 86' lang='lat' dir='ltr'><strong>qni</strong></span> <span class='ocrx_word' id='word_1_100' title='bbox 171 1260 297 1338; x_wconf 86' lang='lat' dir='ltr'><strong>privatus</strong></span> <span class='ocrx_word' id='word_1_101' title='bbox 311 1260 443 1336; x_wconf 90' lang='lat' dir='ltr'><strong>exieras,</strong></span> <span class='ocrx_word' id='word_1_102' title='bbox 458 1261 609 1336; x_wconf 75' lang='lat' dir='ltr'><strong>agnoscis,</strong></span> <span class='ocrx_word' id='word_1_103' title='bbox 623 1257 806 1337; x_wconf 78' lang='lat' dir='ltr'><strong>agnosceris!</strong></span> <span class='ocrx_word' id='word_1_104' title='bbox 821 1257 948 1320; x_wconf 85' lang='lat' dir='ltr'><strong>Eosdem</strong></span> <span class='ocrx_word' id='word_1_105' title='bbox 958 1276 1029 1337; x_wconf 93' lang='lat' dir='ltr'><strong>nos,</strong></span> <span class='ocrx_word' id='word_1_106' title='bbox 1045 1277 1114 1319; x_wconf 92' lang='lat' dir='ltr'><strong>eun·</strong></span> 
     </span>
     <span class='ocr_line' id='line_1_13' title="bbox 109 1340 1113 1422; baseline 0.002 -22"><span class='ocrx_word' id='word_1_107' title='bbox 109 1340 174 1401; x_wconf 88' lang='lat' dir='ltr'><strong>dem</strong></span> <span class='ocrx_word' id='word_1_108' title='bbox 188 1351 218 1402; x_wconf 88' lang='lat' dir='ltr'><strong>te</strong></span> <span class='ocrx_word' id='word_1_109' title='bbox 232 1352 332 1421; x_wconf 87' lang='lat' dir='ltr'><strong>putas,</strong></span> <span class='ocrx_word' id='word_1_110' title='bbox 348 1359 399 1421; x_wconf 83' lang='lat' dir='ltr'><strong>par</strong></span> <span class='ocrx_word' id='word_1_111' title='bbox 412 1343 559 1421; x_wconf 89' lang='lat' dir='ltr'><strong>omnibns,</strong></span> <span class='ocrx_word' id='word_1_112' title='bbox 577 1351 606 1403; x_wconf 92' lang='lat' dir='ltr'><strong>et</strong></span> <span class='ocrx_word' id='word_1_113' title='bbox 620 1343 677 1403; x_wconf 88' lang='lat' dir='ltr'><strong>hoe</strong></span> <span class='ocrx_word' id='word_1_114' title='bbox 692 1351 797 1404; x_wconf 83' lang='grc' dir='ltr'>ιιιιιιιιιιι</span> <span class='ocrx_word' id='word_1_115' title='bbox 814 1344 919 1403; x_wconf 90' lang='lat' dir='ltr'><strong>ceteris</strong></span> <span class='ocrx_word' id='word_1_116' title='bbox 933 1344 1021 1403; x_wconf 87' lang='lat' dir='ltr'><strong>maior</strong></span> <span class='ocrx_word' id='word_1_117' title='bbox 1036 1341 1113 1422; x_wconf 82' lang='lat' dir='ltr'><strong>qnod</strong></span> 
     </span>
     <span class='ocr_line' id='line_1_14' title="bbox 110 1415 1178 1507; baseline 0.002 -23"><span class='ocrx_word' id='word_1_118' title='bbox 110 1424 221 1486; x_wconf 87' lang='lat' dir='ltr'><strong>melior.</strong></span> <span class='ocrx_word' id='word_1_119' title='bbox 263 1427 310 1488; x_wconf 81' lang='lat' dir='ltr'><strong>Ac</strong></span> <span class='ocrx_word' id='word_1_120' title='bbox 330 1428 465 1505; x_wconf 89' lang='lat' dir='ltr'><strong>primum,</strong></span> <span class='ocrx_word' id='word_1_121' title='bbox 487 1428 536 1505; x_wconf 84' lang='lat' dir='ltr'><strong>qui</strong></span> <span class='ocrx_word' id='word_1_122' title='bbox 555 1425 617 1488; x_wconf 92' lang='lat' dir='ltr'><strong>dies</strong></span> <span class='ocrx_word' id='word_1_123' title='bbox 634 1426 685 1488; x_wconf 89' lang='lat' dir='ltr'><strong>ille</strong></span> <span class='ocrx_word' id='word_1_124' title='bbox 705 1444 762 1507; x_wconf 82' lang='lat' dir='ltr'><strong>qno</strong></span> <span class='ocrx_word' id='word_1_125' title='bbox 780 1435 950 1506; x_wconf 82' lang='lat' dir='ltr'><strong>expectatus</strong></span> <span class='ocrx_word' id='word_1_126' title='bbox 967 1415 1178 1487; x_wconf 74' lang='lat' dir='ltr'><strong>desidera-22.</strong></span> 
     </span>
     <span class='ocr_line' id='line_1_15' title="bbox 110 1509 1159 1590; baseline 0.001 -21"><span class='ocrx_word' id='word_1_127' title='bbox 110 1519 214 1588; x_wconf 88' lang='lat' dir='ltr'><strong>tnsqne</strong></span> <span class='ocrx_word' id='word_1_128' title='bbox 233 1511 332 1570; x_wconf 91' lang='lat' dir='ltr'><strong>urbem</strong></span> <span class='ocrx_word' id='word_1_129' title='bbox 346 1520 422 1570; x_wconf 89' lang='lat' dir='ltr'><strong>tuam</strong></span> <span class='ocrx_word' id='word_1_130' title='bbox 437 1512 586 1588; x_wconf 80' lang='lat' dir='ltr'><strong>ingressus</strong></span> <span class='ocrx_word' id='word_1_131' title='bbox 608 1511 656 1571; x_wconf 88' lang='lat' dir='ltr'><strong>es!</strong></span> <span class='ocrx_word' id='word_1_132' title='bbox 688 1509 745 1572; x_wconf 90' lang='lat' dir='ltr'><strong>lam</strong></span> <span class='ocrx_word' id='word_1_133' title='bbox 765 1510 822 1570; x_wconf 90' lang='lat' dir='ltr'><strong>boe</strong></span> <span class='ocrx_word' id='word_1_134' title='bbox 843 1511 952 1589; x_wconf 86' lang='lat' dir='ltr'><strong>ipsum,</strong></span> <span class='ocrx_word' id='word_1_135' title='bbox 980 1510 1056 1590; x_wconf 85' lang='lat' dir='ltr'><strong>qnod</strong></span> <span class='ocrx_word' id='word_1_136' title='bbox 1071 1512 1111 1570; x_wconf 90' lang='lat' dir='ltr'><strong>in·</strong></span> <span class='ocrx_word' id='word_1_137' title='bbox 1154 1511 1159 1520; x_wconf 83' lang='lat'>&#39;</span> 
     </span>
     <span class='ocr_line' id='line_1_16' title="bbox 64 1592 1113 1674; baseline 0.006 -26"><span class='ocrx_word' id='word_1_138' title='bbox 64 1596 228 1670; x_wconf 72' lang='lat' dir='ltr'><strong>segressus</strong></span> <span class='ocrx_word' id='word_1_139' title='bbox 242 1611 290 1670; x_wconf 88' lang='lat' dir='ltr'><strong>es,</strong></span> <span class='ocrx_word' id='word_1_140' title='bbox 309 1611 392 1673; x_wconf 87' lang='lat' dir='ltr'><strong>quam</strong></span> <span class='ocrx_word' id='word_1_141' title='bbox 404 1595 503 1654; x_wconf 85' lang='lat' dir='ltr'><strong>mirum</strong></span> <span class='ocrx_word' id='word_1_142' title='bbox 516 1592 691 1673; x_wconf 89' lang='lat' dir='ltr'><strong>laetumque!</strong></span> <span class='ocrx_word' id='word_1_143' title='bbox 712 1593 783 1655; x_wconf 85' lang='lat' dir='ltr'><strong>Nam</strong></span> <span class='ocrx_word' id='word_1_144' title='bbox 795 1597 907 1674; x_wconf 86' lang='lat' dir='ltr'><strong>priores</strong></span> <span class='ocrx_word' id='word_1_145' title='bbox 922 1594 1017 1654; x_wconf 84' lang='lat' dir='ltr'><strong>inuehi</strong></span> <span class='ocrx_word' id='word_1_146' title='bbox 1032 1604 1061 1654; x_wconf 94' lang='lat' dir='ltr'><strong>et</strong></span> <span class='ocrx_word' id='word_1_147' title='bbox 1072 1595 1113 1654; x_wconf 92' lang='lat' dir='ltr'><strong>in·</strong></span> 
     </span>
     <span class='ocr_line' id='line_1_17' title="bbox 109 1676 1112 1758; baseline 0.002 -21"><span class='ocrx_word' id='word_1_148' title='bbox 109 1679 213 1755; x_wconf 89' lang='lat' dir='ltr'><strong>portari</strong></span> <span class='ocrx_word' id='word_1_149' title='bbox 225 1676 371 1755; x_wconf 90' lang='lat' dir='ltr'><strong>solebant,</strong></span> <span class='ocrx_word' id='word_1_150' title='bbox 383 1695 440 1738; x_wconf 93' lang='lat' dir='ltr'><strong>non</strong></span> <span class='ocrx_word' id='word_1_151' title='bbox 452 1679 517 1738; x_wconf 93' lang='lat' dir='ltr'><strong>dieo</strong></span> <span class='ocrx_word' id='word_1_152' title='bbox 528 1677 695 1758; x_wconf 74' lang='lat' dir='ltr'><strong>quadriiugo</strong></span> <span class='ocrx_word' id='word_1_153' title='bbox 708 1697 791 1739; x_wconf 88' lang='lat' dir='ltr'><strong>curru</strong></span> <span class='ocrx_word' id='word_1_154' title='bbox 805 1688 834 1739; x_wconf 91' lang='lat' dir='ltr'><strong>et</strong></span> <span class='ocrx_word' id='word_1_155' title='bbox 845 1677 1005 1739; x_wconf 87' lang='lat' dir='ltr'><strong>albentibus</strong></span> <span class='ocrx_word' id='word_1_156' title='bbox 1017 1679 1112 1758; x_wconf 85' lang='lat' dir='ltr'><strong>equis,</strong></span> 
     </span>
     <span class='ocr_line' id='line_1_18' title="bbox 109 1760 1112 1841; baseline -0.002 -19"><span class='ocrx_word' id='word_1_157' title='bbox 109 1760 162 1822; x_wconf 93' lang='lat' dir='ltr'><strong>sed</strong></span> <span class='ocrx_word' id='word_1_158' title='bbox 177 1763 281 1822; x_wconf 77' lang='lat' dir='ltr'><strong>moeris</strong></span> <span class='ocrx_word' id='word_1_159' title='bbox 299 1762 453 1839; x_wconf 90' lang='lat' dir='ltr'><strong>bominum,</strong></span> <span class='ocrx_word' id='word_1_160' title='bbox 470 1762 546 1841; x_wconf 89' lang='lat' dir='ltr'><strong>qnod</strong></span> <span class='ocrx_word' id='word_1_161' title='bbox 563 1761 745 1841; x_wconf 76' lang='lat' dir='ltr'><strong>adrogantius</strong></span> <span class='ocrx_word' id='word_1_162' title='bbox 760 1772 829 1824; x_wconf 89' lang='lat' dir='ltr'><strong>erat.</strong></span> <span class='ocrx_word' id='word_1_163' title='bbox 850 1760 892 1821; x_wconf 87' lang='grc' dir='ltr'>Τιι</span> <span class='ocrx_word' id='word_1_164' title='bbox 907 1762 970 1823; x_wconf 90' lang='lat' dir='ltr'><strong>sola</strong></span> <span class='ocrx_word' id='word_1_165' title='bbox 982 1763 1112 1840; x_wconf 90' lang='lat' dir='ltr'><strong>corporis</strong></span> 
     </span>
     <span class='ocr_line' id='line_1_19' title="bbox 109 1845 1113 1925; baseline 0.001 -20"><span class='ocrx_word' id='word_1_166' title='bbox 109 1845 281 1924; x_wconf 88' lang='lat' dir='ltr'><strong>proceritate</strong></span> <span class='ocrx_word' id='word_1_167' title='bbox 302 1845 404 1906; x_wconf 88' lang='lat' dir='ltr'><strong>elatior</strong></span> <span class='ocrx_word' id='word_1_168' title='bbox 420 1846 482 1906; x_wconf 87' lang='lat' dir='ltr'><strong>aliis</strong></span> <span class='ocrx_word' id='word_1_169' title='bbox 500 1854 530 1906; x_wconf 91' lang='lat' dir='ltr'><strong>et</strong></span> <span class='ocrx_word' id='word_1_170' title='bbox 543 1846 705 1924; x_wconf 85' lang='lat' dir='ltr'><strong>excelsior,</strong></span> <span class='ocrx_word' id='word_1_171' title='bbox 730 1864 787 1907; x_wconf 93' lang='lat' dir='ltr'><strong>non</strong></span> <span class='ocrx_word' id='word_1_172' title='bbox 808 1846 845 1907; x_wconf 91' lang='lat' dir='ltr'><strong>de</strong></span> <span class='ocrx_word' id='word_1_173' title='bbox 863 1847 998 1925; x_wconf 90' lang='lat' dir='ltr'><strong>patientia</strong></span> <span class='ocrx_word' id='word_1_174' title='bbox 1016 1854 1113 1906; x_wconf 90' lang='lat' dir='ltr'><strong>nostra</strong></span> 
     </span>
     <span class='ocr_line' id='line_1_20' title="bbox 110 1926 1112 2009; baseline -0.001 -21"><span class='ocrx_word' id='word_1_175' title='bbox 110 1927 248 2008; x_wconf 80' lang='lat' dir='ltr'><strong>quendam</strong></span> <span class='ocrx_word' id='word_1_176' title='bbox 261 1928 448 2008; x_wconf 86' lang='lat' dir='ltr'><strong>triumphum,</strong></span> <span class='ocrx_word' id='word_1_177' title='bbox 470 1928 523 1990; x_wconf 89' lang='lat' dir='ltr'><strong>sed</strong></span> <span class='ocrx_word' id='word_1_178' title='bbox 536 1929 572 1990; x_wconf 92' lang='lat' dir='ltr'><strong>de</strong></span> <span class='ocrx_word' id='word_1_179' title='bbox 583 1930 717 2009; x_wconf 92' lang='lat' dir='ltr'><strong>snperbia</strong></span> <span class='ocrx_word' id='word_1_180' title='bbox 733 1931 893 2009; x_wconf 88' lang='lat' dir='ltr'><strong>principum</strong></span> <span class='ocrx_word' id='word_1_181' title='bbox 908 1930 1003 2006; x_wconf 79' lang='lat' dir='ltr'><strong>egisti.</strong></span> <span class='ocrx_word' id='word_1_182' title='bbox 1032 1926 1112 2006; x_wconf 80' lang='lat' dir='ltr'><strong>llrgo</strong></span> 
     </span>
     <span class='ocr_line' id='line_1_21' title="bbox 62 2012 1112 2092; baseline -0.007 -15"><span class='ocrx_word' id='word_1_183' title='bbox 62 2025 166 2077; x_wconf 61' lang='lat' dir='ltr'><strong>bonon</strong></span> <span class='ocrx_word' id='word_1_184' title='bbox 179 2022 257 2074; x_wconf 88' lang='lat' dir='ltr'><strong>aetas</strong></span> <span class='ocrx_word' id='word_1_185' title='bbox 275 2029 459 2092; x_wconf 85' lang='lat' dir='ltr'><strong>quemquam,</strong></span> <span class='ocrx_word' id='word_1_186' title='bbox 481 2030 538 2072; x_wconf 92' lang='lat' dir='ltr'><strong>non</strong></span> <span class='ocrx_word' id='word_1_187' title='bbox 553 2013 701 2090; x_wconf 86' lang='lat' dir='ltr'><strong>valetudo,</strong></span> <span class='ocrx_word' id='word_1_188' title='bbox 717 2031 775 2073; x_wconf 95' lang='lat' dir='ltr'><strong>non</strong></span> <span class='ocrx_word' id='word_1_189' title='bbox 786 2031 873 2073; x_wconf 88' lang='lat' dir='ltr'><strong>sexus</strong></span> <span class='ocrx_word' id='word_1_190' title='bbox 887 2012 1040 2074; x_wconf 86' lang='lat' dir='ltr'><strong>retardarit</strong></span> <span class='ocrx_word' id='word_1_191' title='bbox 1055 2030 1112 2091; x_wconf 82' lang='lat' dir='ltr'><strong>qno</strong></span> 
     </span>
     <span class='ocr_line' id='line_1_22' title="bbox 108 2094 1110 2176; baseline 0 -21"><span class='ocrx_word' id='word_1_192' title='bbox 108 2098 198 2156; x_wconf 89' lang='lat' dir='ltr'><strong>minus</strong></span> <span class='ocrx_word' id='word_1_193' title='bbox 214 2096 317 2157; x_wconf 91' lang='lat' dir='ltr'><strong>oculos</strong></span> <span class='ocrx_word' id='word_1_194' title='bbox 331 2095 447 2158; x_wconf 91' lang='lat' dir='ltr'><strong>insolito</strong></span> <span class='ocrx_word' id='word_1_195' title='bbox 458 2097 626 2174; x_wconf 88' lang='lat' dir='ltr'><strong>spectaculo</strong></span> <span class='ocrx_word' id='word_1_196' title='bbox 642 2097 774 2176; x_wconf 90' lang='lat' dir='ltr'><strong>inpleret.</strong></span> <span class='ocrx_word' id='word_1_197' title='bbox 796 2095 838 2156; x_wconf 89' lang='lat' dir='ltr'><strong>&#39;le</strong></span> <span class='ocrx_word' id='word_1_198' title='bbox 853 2094 961 2174; x_wconf 81' lang='lat' dir='ltr'><strong>parsuli</strong></span> <span class='ocrx_word' id='word_1_199' title='bbox 976 2112 1110 2172; x_wconf 82' lang='lat' dir='ltr'><strong>noscere,</strong></span> 
     </span>
     <span class='ocr_line' id='line_1_23' title="bbox 109 2179 1113 2259; baseline -0.003 -17"><span class='ocrx_word' id='word_1_200' title='bbox 109 2189 253 2242; x_wconf 89' lang='lat' dir='ltr'><strong>ostentare</strong></span> <span class='ocrx_word' id='word_1_201' title='bbox 272 2183 410 2259; x_wconf 84' lang='lat' dir='ltr'><strong>invenes,</strong></span> <span class='ocrx_word' id='word_1_202' title='bbox 435 2181 527 2240; x_wconf 87' lang='lat' dir='ltr'><strong>mirari</strong></span> <span class='ocrx_word' id='word_1_203' title='bbox 549 2182 755 2257; x_wconf 79' lang='lat' dir='ltr'><strong>senes;·aegri</strong></span> <span class='ocrx_word' id='word_1_204' title='bbox 772 2197 886 2259; x_wconf 85' lang='lat' dir='ltr'><strong>qnoque</strong></span> <span class='ocrx_word' id='word_1_205' title='bbox 902 2179 1039 2257; x_wconf 82' lang='lat' dir='ltr'><strong>neglecto</strong></span> <span class='ocrx_word' id='word_1_206' title='bbox 1053 2195 1113 2248; x_wconf 88' lang='lat' dir='ltr'><strong>me-</strong></span> 
     </span>
     <span class='ocr_line' id='line_1_24' title="bbox 108 2262 1112 2343; baseline -0.001 -18"><span class='ocrx_word' id='word_1_207' title='bbox 108 2264 232 2325; x_wconf 87' lang='lat' dir='ltr'><strong>dentium</strong></span> <span class='ocrx_word' id='word_1_208' title='bbox 251 2264 371 2342; x_wconf 87' lang='lat' dir='ltr'><strong>imperio</strong></span> <span class='ocrx_word' id='word_1_209' title='bbox 392 2263 427 2324; x_wconf 91' lang='lat' dir='ltr'><strong>ad</strong></span> <span class='ocrx_word' id='word_1_210' title='bbox 446 2273 633 2343; x_wconf 89' lang='lat' dir='ltr'><strong>conspectum</strong></span> <span class='ocrx_word' id='word_1_211' title='bbox 646 2266 704 2342; x_wconf 88' lang='lat' dir='ltr'><strong>tui,</strong></span> <span class='ocrx_word' id='word_1_212' title='bbox 732 2267 812 2343; x_wconf 88' lang='lat' dir='ltr'><strong>qnasi</strong></span> <span class='ocrx_word' id='word_1_213' title='bbox 826 2264 861 2324; x_wconf 92' lang='lat' dir='ltr'><strong>ad</strong></span> <span class='ocrx_word' id='word_1_214' title='bbox 876 2262 996 2324; x_wconf 91' lang='lat' dir='ltr'><strong>salntem</strong></span> <span class='ocrx_word' id='word_1_215' title='bbox 1011 2263 1112 2324; x_wconf 88' lang='lat' dir='ltr'><strong>sanita·</strong></span> 
     </span>
     <span class='ocr_line' id='line_1_25' title="bbox 108 2346 1113 2427; baseline -0.001 -19"><span class='ocrx_word' id='word_1_216' title='bbox 108 2357 224 2425; x_wconf 90' lang='lat' dir='ltr'><strong>temque</strong></span> <span class='ocrx_word' id='word_1_217' title='bbox 238 2365 406 2427; x_wconf 86' lang='lat' dir='ltr'><strong>prorepere.</strong></span> <span class='ocrx_word' id='word_1_218' title='bbox 440 2346 510 2409; x_wconf 89' lang='lat' dir='ltr'><strong>Inde</strong></span> <span class='ocrx_word' id='word_1_219' title='bbox 524 2347 571 2408; x_wconf 92' lang='lat' dir='ltr'><strong>alii</strong></span> <span class='ocrx_word' id='word_1_220' title='bbox 585 2367 618 2410; x_wconf 91' lang='lat' dir='ltr'><strong>se</strong></span> <span class='ocrx_word' id='word_1_221' title='bbox 632 2349 700 2408; x_wconf 87' lang='lat' dir='ltr'><strong>satis</strong></span> <span class='ocrx_word' id='word_1_222' title='bbox 714 2349 821 2409; x_wconf 82' lang='lat' dir='ltr'><strong>vixisse</strong></span> <span class='ocrx_word' id='word_1_223' title='bbox 836 2356 865 2407; x_wconf 91' lang='lat' dir='ltr'><strong>te</strong></span> <span class='ocrx_word' id='word_1_224' title='bbox 879 2347 958 2424; x_wconf 86' lang='lat' dir='ltr'><strong>viso,</strong></span> <span class='ocrx_word' id='word_1_225' title='bbox 986 2355 1015 2406; x_wconf 89' lang='lat' dir='ltr'><strong>te</strong></span> <span class='ocrx_word' id='word_1_226' title='bbox 1029 2364 1113 2407; x_wconf 89' lang='lat' dir='ltr'><strong>rece·</strong></span> 
     </span>
     <span class='ocr_line' id='line_1_26' title="bbox 64 2429 1112 2512; baseline -0.006 -16"><span class='ocrx_word' id='word_1_227' title='bbox 64 2441 178 2512; x_wconf 77' lang='lat' dir='ltr'><strong>septo,</strong></span> <span class='ocrx_word' id='word_1_228' title='bbox 207 2431 254 2490; x_wconf 92' lang='lat' dir='ltr'><strong>alii</strong></span> <span class='ocrx_word' id='word_1_229' title='bbox 274 2451 349 2492; x_wconf 90' lang='lat' dir='ltr'><strong>nunc</strong></span> <span class='ocrx_word' id='word_1_230' title='bbox 370 2433 460 2510; x_wconf 75' lang='lat' dir='ltr'><strong>magis</strong></span> <span class='ocrx_word' id='word_1_231' title='bbox 478 2449 545 2493; x_wconf 89' lang='lat' dir='ltr'><strong>esse</strong></span> <span class='ocrx_word' id='word_1_232' title='bbox 567 2433 719 2493; x_wconf 85' lang='lat' dir='ltr'><strong>vivendum</strong></span> <span class='ocrx_word' id='word_1_233' title='bbox 734 2431 944 2511; x_wconf 89' lang='lat' dir='ltr'><strong>praedicabant.</strong></span> <span class='ocrx_word' id='word_1_234' title='bbox 981 2429 1112 2491; x_wconf 77' lang='lat' dir='ltr'><strong>lleminas</strong></span> 
     </span>
     <span class='ocr_line' id='line_1_27' title="bbox 109 2514 1112 2594; baseline -0.002 -19"><span class='ocrx_word' id='word_1_235' title='bbox 109 2516 275 2576; x_wconf 87' lang='lat' dir='ltr'><strong>etiamtunc</strong></span> <span class='ocrx_word' id='word_1_236' title='bbox 292 2515 472 2577; x_wconf 81' lang='lat' dir='ltr'><strong>fecunditatis</strong></span> <span class='ocrx_word' id='word_1_237' title='bbox 488 2533 556 2590; x_wconf 65' lang='lat' dir='ltr'><strong>suae</strong></span> <span class='ocrx_word' id='word_1_238' title='bbox 570 2519 687 2577; x_wconf 88' lang='lat' dir='ltr'><strong>maxima</strong></span> <span class='ocrx_word' id='word_1_239' title='bbox 701 2516 834 2594; x_wconf 84' lang='lat' dir='ltr'><strong>voluptas</strong></span> <span class='ocrx_word' id='word_1_240' title='bbox 850 2514 951 2593; x_wconf 89' lang='lat' dir='ltr'><strong>subiit,</strong></span> <span class='ocrx_word' id='word_1_241' title='bbox 970 2532 1032 2574; x_wconf 90' lang='lat' dir='ltr'><strong>cnm</strong></span> <span class='ocrx_word' id='word_1_242' title='bbox 1049 2533 1112 2575; x_wconf 89' lang='lat' dir='ltr'><strong>cer·</strong></span> 
     </span>
     <span class='ocr_line' id='line_1_28' title="bbox 107 2598 1111 2679; baseline -0.001 -22"><span class='ocrx_word' id='word_1_243' title='bbox 107 2608 211 2659; x_wconf 87' lang='lat' dir='ltr'><strong>nerent</strong></span> <span class='ocrx_word' id='word_1_244' title='bbox 231 2600 276 2659; x_wconf 90' lang='lat' dir='ltr'><strong>eui</strong></span> <span class='ocrx_word' id='word_1_245' title='bbox 297 2600 418 2679; x_wconf 89' lang='lat' dir='ltr'><strong>principi</strong></span> <span class='ocrx_word' id='word_1_246' title='bbox 433 2602 529 2676; x_wconf 84' lang='lat' dir='ltr'><strong>cives,</strong></span> <span class='ocrx_word' id='word_1_247' title='bbox 556 2603 600 2659; x_wconf 90' lang='lat' dir='ltr'><strong>cni</strong></span> <span class='ocrx_word' id='word_1_248' title='bbox 614 2602 778 2678; x_wconf 87' lang='lat' dir='ltr'><strong>imperatori</strong></span> <span class='ocrx_word' id='word_1_249' title='bbox 798 2598 902 2658; x_wconf 91' lang='lat' dir='ltr'><strong>milites</strong></span> <span class='ocrx_word' id='word_1_250' title='bbox 917 2599 1111 2677; x_wconf 87' lang='lat' dir='ltr'><strong>peperissent.</strong></span> 
     </span>
     <span class='ocr_line' id='line_1_29' title="bbox 107 2681 1111 2761; baseline 0.002 -21"><span class='ocrx_word' id='word_1_251' title='bbox 107 2681 229 2743; x_wconf 89' lang='lat' dir='ltr'><strong>Videres</strong></span> <span class='ocrx_word' id='word_1_252' title='bbox 243 2683 350 2744; x_wconf 84' lang='lat' dir='ltr'><strong>referta</strong></span> <span class='ocrx_word' id='word_1_253' title='bbox 364 2693 441 2744; x_wconf 90' lang='lat' dir='ltr'><strong>tecta</strong></span> <span class='ocrx_word' id='word_1_254' title='bbox 455 2701 490 2743; x_wconf 92' lang='lat' dir='ltr'><strong>ac</strong></span> <span class='ocrx_word' id='word_1_255' title='bbox 509 2682 682 2761; x_wconf 86' lang='lat' dir='ltr'><strong>laborantia,</strong></span> <span class='ocrx_word' id='word_1_256' title='bbox 698 2700 732 2743; x_wconf 93' lang='lat' dir='ltr'><strong>ac</strong></span> <span class='ocrx_word' id='word_1_257' title='bbox 746 2702 784 2743; x_wconf 92' lang='lat' dir='ltr'><strong>ne</strong></span> <span class='ocrx_word' id='word_1_258' title='bbox 801 2700 867 2743; x_wconf 92' lang='lat' dir='ltr'><strong>eum</strong></span> <span class='ocrx_word' id='word_1_259' title='bbox 881 2681 996 2760; x_wconf 80' lang='lat' dir='ltr'><strong>quidem</strong></span> <span class='ocrx_word' id='word_1_260' title='bbox 1010 2698 1111 2742; x_wconf 83' lang='lat' dir='ltr'><strong>vacan-</strong></span> 
     </span>
     <span class='ocr_line' id='line_1_30' title="bbox 108 2764 1113 2848; baseline -0.002 -22"><span class='ocrx_word' id='word_1_261' title='bbox 108 2776 167 2826; x_wconf 89' lang='lat' dir='ltr'><strong>tem</strong></span> <span class='ocrx_word' id='word_1_262' title='bbox 181 2764 277 2826; x_wconf 90' lang='lat' dir='ltr'><strong>locum</strong></span> <span class='ocrx_word' id='word_1_263' title='bbox 293 2769 342 2846; x_wconf 82' lang='lat' dir='ltr'><strong>qui</strong></span> <span class='ocrx_word' id='word_1_264' title='bbox 354 2783 412 2827; x_wconf 93' lang='lat' dir='ltr'><strong>non</strong></span> <span class='ocrx_word' id='word_1_265' title='bbox 425 2768 479 2828; x_wconf 89' lang='lat' dir='ltr'><strong>nisi</strong></span> <span class='ocrx_word' id='word_1_266' title='bbox 496 2783 666 2848; x_wconf 88' lang='lat' dir='ltr'><strong>suspensum</strong></span> <span class='ocrx_word' id='word_1_267' title='bbox 680 2775 710 2827; x_wconf 91' lang='lat' dir='ltr'><strong>et</strong></span> <span class='ocrx_word' id='word_1_268' title='bbox 720 2765 852 2828; x_wconf 89' lang='lat' dir='ltr'><strong>instabile</strong></span> <span class='ocrx_word' id='word_1_269' title='bbox 861 2766 1015 2842; x_wconf 64' lang='lat' dir='ltr'><strong>vestiffl&#39;um</strong></span> <span class='ocrx_word' id='word_1_270' title='bbox 1027 2782 1113 2843; x_wconf 89' lang='lat' dir='ltr'><strong>cape·</strong></span> 
     </span>
     <span class='ocr_line' id='line_1_31' title="bbox 64 2847 1111 2930; baseline -0.008 -16"><span class='ocrx_word' id='word_1_271' title='bbox 64 2861 100 2914; x_wconf 79' lang='lat'><strong>30</strong></span> <span class='ocrx_word' id='word_1_272' title='bbox 109 2858 170 2926; x_wconf 91' lang='lat' dir='ltr'><strong>ret,</strong></span> <span class='ocrx_word' id='word_1_273' title='bbox 189 2848 322 2930; x_wconf 88' lang='lat' dir='ltr'><strong>oppletas</strong></span> <span class='ocrx_word' id='word_1_274' title='bbox 333 2849 457 2930; x_wconf 88' lang='lat' dir='ltr'><strong>undique</strong></span> <span class='ocrx_word' id='word_1_275' title='bbox 467 2853 528 2912; x_wconf 81' lang='lat' dir='ltr'><strong>rias</strong></span> <span class='ocrx_word' id='word_1_276' title='bbox 542 2861 747 2929; x_wconf 77' lang='lat' dir='ltr'><strong>angustumque</strong></span> <span class='ocrx_word' id='word_1_277' title='bbox 760 2851 898 2911; x_wconf 90' lang='lat' dir='ltr'><strong>tramitem</strong></span> <span class='ocrx_word' id='word_1_278' title='bbox 909 2847 1039 2909; x_wconf 88' lang='lat' dir='ltr'><strong>relictum</strong></span> <span class='ocrx_word' id='word_1_279' title='bbox 1049 2847 1111 2923; x_wconf 92' lang='lat' dir='ltr'><strong>tibi,</strong></span> 
     </span>
     <span class='ocr_line' id='line_1_32' title="bbox 108 2930 1113 3014; baseline -0.004 -20"><span class='ocrx_word' id='word_1_280' title='bbox 108 2932 231 2995; x_wconf 88' lang='lat' dir='ltr'><strong>alacrem</strong></span> <span class='ocrx_word' id='word_1_281' title='bbox 247 2935 312 2994; x_wconf 91' lang='lat' dir='ltr'><strong>lrinc</strong></span> <span class='ocrx_word' id='word_1_282' title='bbox 324 2943 410 3014; x_wconf 88' lang='lat' dir='ltr'><strong>atque</strong></span> <span class='ocrx_word' id='word_1_283' title='bbox 426 2934 492 2995; x_wconf 91' lang='lat' dir='ltr'><strong>inde</strong></span> <span class='ocrx_word' id='word_1_284' title='bbox 506 2933 660 3014; x_wconf 91' lang='lat' dir='ltr'><strong>populum,</strong></span> <span class='ocrx_word' id='word_1_285' title='bbox 675 2935 781 3014; x_wconf 84' lang='lat' dir='ltr'><strong>ubique</strong></span> <span class='ocrx_word' id='word_1_286' title='bbox 797 2951 850 3013; x_wconf 86' lang='lat' dir='ltr'><strong>par</strong></span> <span class='ocrx_word' id='word_1_287' title='bbox 859 2930 991 3011; x_wconf 80' lang='lat' dir='ltr'><strong>gaudiam</strong></span> <span class='ocrx_word' id='word_1_288' title='bbox 1001 2949 1113 3011; x_wconf 91' lang='lat' dir='ltr'><strong>parem·</strong></span> 
     </span>
     <span class='ocr_line' id='line_1_33' title="bbox 109 3016 1112 3098; baseline 0 -22"><span class='ocrx_word' id='word_1_289' title='bbox 109 3034 165 3095; x_wconf 86' lang='lat' dir='ltr'><strong>que</strong></span> <span class='ocrx_word' id='word_1_290' title='bbox 182 3017 344 3078; x_wconf 89' lang='lat' dir='ltr'><strong>clamorem.</strong></span> <span class='ocrx_word' id='word_1_291' title='bbox 373 3018 441 3078; x_wconf 86' lang='lat' dir='ltr'><strong>Tam</strong></span> <span class='ocrx_word' id='word_1_292' title='bbox 457 3018 585 3098; x_wconf 88' lang='lat' dir='ltr'><strong>aequalis</strong></span> <span class='ocrx_word' id='word_1_293' title='bbox 603 3020 638 3079; x_wconf 94' lang='lat' dir='ltr'><strong>ab</strong></span> <span class='ocrx_word' id='word_1_294' title='bbox 653 3019 782 3080; x_wconf 92' lang='lat' dir='ltr'><strong>omnibns</strong></span> <span class='ocrx_word' id='word_1_295' title='bbox 798 3036 835 3078; x_wconf 87' lang='lat' dir='ltr'><strong>ex</strong></span> <span class='ocrx_word' id='word_1_296' title='bbox 853 3018 975 3079; x_wconf 76' lang='lat' dir='ltr'><strong>aduentu</strong></span> <span class='ocrx_word' id='word_1_297' title='bbox 989 3025 1038 3076; x_wconf 91' lang='lat' dir='ltr'><strong>tuo</strong></span> <span class='ocrx_word' id='word_1_298' title='bbox 1053 3016 1112 3078; x_wconf 91' lang='lat' dir='ltr'><strong>lae·</strong></span> 
     </span>
     <span class='ocr_line' id='line_1_34' title="bbox 107 3102 1113 3182; baseline -0.004 -21"><span class='ocrx_word' id='word_1_299' title='bbox 107 3102 168 3161; x_wconf 90' lang='lat' dir='ltr'><strong>titia</strong></span> <span class='ocrx_word' id='word_1_300' title='bbox 182 3111 321 3181; x_wconf 87' lang='lat' dir='ltr'><strong>percepta</strong></span> <span class='ocrx_word' id='word_1_301' title='bbox 335 3112 380 3163; x_wconf 90' lang='lat' dir='ltr'><strong>est</strong></span> <span class='ocrx_word' id='word_1_302' title='bbox 395 3120 477 3180; x_wconf 89' lang='lat' dir='ltr'><strong>quam</strong></span> <span class='ocrx_word' id='word_1_303' title='bbox 492 3104 622 3164; x_wconf 91' lang='lat' dir='ltr'><strong>omnibns</strong></span> <span class='ocrx_word' id='word_1_304' title='bbox 637 3104 755 3164; x_wconf 85' lang='lat' dir='ltr'><strong>venisti:</strong></span> <span class='ocrx_word' id='word_1_305' title='bbox 771 3121 844 3182; x_wconf 86' lang='lat' dir='ltr'><strong>qnae</strong></span> <span class='ocrx_word' id='word_1_306' title='bbox 860 3111 954 3162; x_wconf 91' lang='lat' dir='ltr'><strong>tamen</strong></span> <span class='ocrx_word' id='word_1_307' title='bbox 966 3103 1031 3178; x_wconf 89' lang='lat' dir='ltr'><strong>ipsa</strong></span> <span class='ocrx_word' id='word_1_308' title='bbox 1048 3115 1113 3159; x_wconf 91' lang='lat' dir='ltr'><strong>cnm</strong></span> 
     </span>
     <span class='ocr_line' id='line_1_35' title="bbox 106 3183 1110 3266; baseline -0.002 -22"><span class='ocrx_word' id='word_1_309' title='bbox 106 3186 239 3262; x_wconf 83' lang='lat' dir='ltr'><strong>ingressu</strong></span> <span class='ocrx_word' id='word_1_310' title='bbox 260 3195 310 3246; x_wconf 89' lang='lat' dir='ltr'><strong>tna</strong></span> <span class='ocrx_word' id='word_1_311' title='bbox 332 3189 422 3248; x_wconf 88' lang='lat' dir='ltr'><strong>crevit</strong></span> <span class='ocrx_word' id='word_1_312' title='bbox 441 3202 584 3266; x_wconf 88' lang='lat' dir='ltr'><strong>acprope</strong></span> <span class='ocrx_word' id='word_1_313' title='bbox 604 3189 632 3246; x_wconf 91' lang='lat' dir='ltr'><strong>in</strong></span> <span class='ocrx_word' id='word_1_314' title='bbox 654 3186 783 3264; x_wconf 78' lang='lat' dir='ltr'><strong>singulos</strong></span> <span class='ocrx_word' id='word_1_315' title='bbox 804 3185 908 3264; x_wconf 75' lang='lat' dir='ltr'><strong>gratim</strong></span> <span class='ocrx_word' id='word_1_316' title='bbox 923 3183 1041 3245; x_wconf 91' lang='lat' dir='ltr'><strong>adaucta</strong></span> <span class='ocrx_word' id='word_1_317' title='bbox 1057 3192 1110 3243; x_wconf 89' lang='lat' dir='ltr'><strong>est.</strong></span> 
     </span>
     <span class='ocr_line' id='line_1_36' title="bbox 64 3263 1161 3349; baseline -0.003 -18"><span class='ocrx_word' id='word_1_318' title='bbox 64 3266 223 3331; x_wconf 65' lang='lat' dir='ltr'><strong>sedatam</strong></span> <span class='ocrx_word' id='word_1_319' title='bbox 242 3279 303 3330; x_wconf 91' lang='lat' dir='ltr'><strong>erat</strong></span> <span class='ocrx_word' id='word_1_320' title='bbox 323 3271 433 3331; x_wconf 88' lang='lat' dir='ltr'><strong>cunctis</strong></span> <span class='ocrx_word' id='word_1_321' title='bbox 454 3271 530 3349; x_wconf 91' lang='lat' dir='ltr'><strong>qnod</strong></span> <span class='ocrx_word' id='word_1_322' title='bbox 551 3280 678 3332; x_wconf 87' lang='lat' dir='ltr'><strong>senatum</strong></span> <span class='ocrx_word' id='word_1_323' title='bbox 696 3270 797 3331; x_wconf 92' lang='lat' dir='ltr'><strong>osculo</strong></span> <span class='ocrx_word' id='word_1_324' title='bbox 813 3270 985 3346; x_wconf 86' lang='lat' dir='ltr'><strong>exciperes,</strong></span> <span class='ocrx_word' id='word_1_325' title='bbox 1014 3275 1045 3326; x_wconf 91' lang='lat' dir='ltr'><strong>ut</strong></span> <span class='ocrx_word' id='word_1_326' title='bbox 1068 3263 1161 3328; x_wconf 79' lang='lat' dir='ltr'><strong>‹ii-23</strong></span> 
     </span>
     <span class='ocr_line' id='line_1_37' title="bbox 105 3349 1112 3433; baseline 0.001 -23"><span class='ocrx_word' id='word_1_327' title='bbox 105 3354 211 3413; x_wconf 88' lang='lat' dir='ltr'><strong>missus</strong></span> <span class='ocrx_word' id='word_1_328' title='bbox 232 3353 333 3414; x_wconf 91' lang='lat' dir='ltr'><strong>osculo</strong></span> <span class='ocrx_word' id='word_1_329' title='bbox 354 3353 467 3432; x_wconf 81' lang='lat' dir='ltr'><strong>fueras,</strong></span> <span class='ocrx_word' id='word_1_330' title='bbox 495 3363 604 3431; x_wconf 79' lang='lat' dir='ltr'><strong>gratnm</strong></span> <span class='ocrx_word' id='word_1_331' title='bbox 624 3353 701 3432; x_wconf 87' lang='lat' dir='ltr'><strong>quod</strong></span> <span class='ocrx_word' id='word_1_332' title='bbox 721 3355 863 3433; x_wconf 89' lang='lat' dir='ltr'><strong>equestris</strong></span> <span class='ocrx_word' id='word_1_333' title='bbox 878 3351 984 3412; x_wconf 90' lang='lat' dir='ltr'><strong>ordinis</strong></span> <span class='ocrx_word' id='word_1_334' title='bbox 1006 3349 1112 3411; x_wconf 89' lang='lat' dir='ltr'><strong>decora</strong></span> 
     </span>
     <span class='ocr_line' id='line_1_38' title="bbox 105 3434 1112 3516; baseline -0.004 -20"><span class='ocrx_word' id='word_1_335' title='bbox 105 3435 216 3498; x_wconf 86' lang='lat' dir='ltr'><strong>bonore</strong></span> <span class='ocrx_word' id='word_1_336' title='bbox 231 3439 372 3499; x_wconf 89' lang='lat' dir='ltr'><strong>nominum</strong></span> <span class='ocrx_word' id='word_1_337' title='bbox 388 3440 452 3498; x_wconf 90' lang='lat' dir='ltr'><strong>sine</strong></span> <span class='ocrx_word' id='word_1_338' title='bbox 466 3439 606 3499; x_wconf 89' lang='lat' dir='ltr'><strong>monitore</strong></span> <span class='ocrx_word' id='word_1_339' title='bbox 620 3440 765 3516; x_wconf 79' lang='lat' dir='ltr'><strong>signares,</strong></span> <span class='ocrx_word' id='word_1_340' title='bbox 787 3446 896 3514; x_wconf 78' lang='lat' dir='ltr'><strong>gratnm</strong></span> <span class='ocrx_word' id='word_1_341' title='bbox 912 3434 989 3514; x_wconf 89' lang='lat' dir='ltr'><strong>quod</strong></span> <span class='ocrx_word' id='word_1_342' title='bbox 1005 3443 1112 3494; x_wconf 75' lang='lat' dir='ltr'><strong>mutum</strong></span> 
     </span>
     <span class='ocr_line' id='line_1_39' title="bbox 104 3515 1113 3602; baseline 0 -24"><span class='ocrx_word' id='word_1_343' title='bbox 104 3535 163 3581; x_wconf 94' lang='lat' dir='ltr'><strong>non</strong></span> <span class='ocrx_word' id='word_1_344' title='bbox 178 3519 252 3581; x_wconf 90' lang='lat' dir='ltr'><strong>ultro</strong></span> <span class='ocrx_word' id='word_1_345' title='bbox 267 3519 419 3582; x_wconf 86' lang='lat' dir='ltr'><strong>clientibus</strong></span> <span class='ocrx_word' id='word_1_346' title='bbox 434 3519 560 3584; x_wconf 90' lang='lat' dir='ltr'><strong>salutatis</strong></span> <span class='ocrx_word' id='word_1_347' title='bbox 576 3522 711 3602; x_wconf 88' lang='lat' dir='ltr'><strong>quasdam</strong></span> <span class='ocrx_word' id='word_1_348' title='bbox 727 3520 920 3582; x_wconf 81' lang='lat' dir='ltr'><strong>familiaritatis</strong></span> <span class='ocrx_word' id='word_1_349' title='bbox 931 3528 1013 3580; x_wconf 89' lang='lat' dir='ltr'><strong>notas</strong></span> <span class='ocrx_word' id='word_1_350' title='bbox 1026 3515 1113 3578; x_wconf 88' lang='lat' dir='ltr'><strong>adde·</strong></span> 
     </span>
    </p>
   </div>
   <div class='ocr_carea' id='block_1_3' title="bbox 0 0 1294 3970">
    <p class='ocr_par' dir='ltr' id='par_1_3' title="bbox 0 0 1294 3970">
     <span class='ocr_line' id='line_1_40' title="bbox 0 0 1294 3970; baseline 0 0"><span class='ocrx_word' id='word_1_351' title='bbox 0 0 1294 3970; x_wconf 95' lang='lat' dir='ltr'><strong> </strong></span> 
     </span>
    </p>
   </div>
  </div>
 </body>
</html>
