2584 3972
352 265 614 329 EPISTULARUM
628 267 677 328 vl.
699 277 725 332 7.
736 276 763 331 8.
778 277 805 331 9.
1023 267 1084 331 113

97 421 234 480 intuentur.
264 418 335 480 Nam
350 429 379 480 et
394 419 444 480 ille
458 422 608 482 amicitiam
622 437 712 480 meam
727 418 862 479 latissima
873 418 1084 498 praedicatione

99 503 246 564 circumfert
261 513 291 564 et
311 520 367 581 ego
385 521 453 582 prae
472 521 518 566 mc
535 504 598 564 iero
613 512 733 583 quantae
747 503 785 563 sit
802 501 869 560 mibi
888 519 972 563 curae
987 503 1084 563 mode-

96 587 142 647 stia
161 589 240 666 quies
262 589 400 648 securitas
418 589 489 648 eius.
524 587 598 661 Quin
619 589 703 647 etiam
719 604 783 646 cum
798 583 975 646 insolentiam
991 589 1111 651 cuius-3

96 669 150 729 daun
163 671 329 731 tribunatum
343 669 438 750 plebis
458 672 551 732 inituri
566 678 716 730 vereretur
731 668 818 749 idque
839 668 992 730 indicasset
1005 670 1083 747 mibi,

75 753 219 833 trespondi
240 745 333 828 οὔτις
353 749 434 834 ἐμοῦ
456 753 585 827 taarog.
620 752 747 826 Quorsus
767 748 861 813 baec?
886 760 917 811 ut
935 754 1010 814 scias
1026 771 1084 813 non

95 854 174 914 posse
194 835 309 898 Atilium
335 855 381 897 me
406 837 541 899 incolumi
563 839 689 898 iniuriam
704 839 848 915 accipere.
882 835 986 896 lterum
1002 835 1108 901 diceet

95 925 217 998 ‘quorsus
232 917 342 983 baecl'
356 921 463 983 Debuit
480 924 507 982 ci
518 923 666 1000 pecuniam
678 919 808 990 Valerius
819 919 926 981 Varus:
941 919 1024 982 buius
1039 931 1085 982 est

92 1001 169 1066 lueres
183 1004 320 1066 Maximus
334 1015 444 1085 noster,
460 1023 545 1085 quem
559 1015 589 1066 et
605 1007 669 1085 ipse
684 1022 763 1083 amo,
783 1003 834 1065 sed
851 1005 1027 1066 coniunctius
1043 1013 1082 1066 tu.

92 1085 168 1166 liogo
182 1107 264 1168 ergo,
284 1091 368 1168 exigo
384 1091 466 1151 etiam
480 1105 532 1168 pro
544 1092 605 1149 iure
616 1091 767 1166 amicitiae,
784 1105 868 1149 cures
878 1096 908 1148 ut
919 1085 1006 1149 Atilio
1017 1099 1109 1151 meod

58 1183 85 1236 10
92 1169 163 1232 salua
176 1175 213 1235 sit
226 1191 284 1235 non
299 1190 362 1234 sors
376 1173 463 1233 modo
485 1191 583 1234 verum
603 1175 686 1234 etiam
703 1189 788 1232 usura
805 1169 926 1250 plurium
940 1189 1082 1233 annorum.

92 1253 175 1315 llomo
189 1268 234 1318 est
249 1257 333 1318 alieni
347 1257 618 1335 abstinentissimus,
640 1258 683 1315 sui
699 1255 837 1333 diligens,
859 1253 944 1315 nullis
960 1258 1083 1333 quaesti·

91 1337 138 1399 bus
153 1344 321 1420 sustinetur,
342 1339 437 1400 nullus
451 1341 493 1401 illi
506 1342 560 1400 nisi
572 1359 609 1401 ex
622 1339 783 1418 frugalitate
794 1336 910 1398 reditus.
939 1337 1011 1399 Nam
1026 1347 1110 1404 stu-6

91 1421 146 1500 dia,
167 1427 270 1504 quibus
292 1423 441 1504 plurimum
455 1433 598 1503 praestat,
619 1422 654 1484 ad
666 1422 841 1504 uoluptatem
858 1429 963 1482 tantum
977 1431 1007 1482 et
1020 1423 1083 1500 glo-

89 1506 150 1566 riam
169 1519 298 1570 exercet.
330 1506 428 1568 Gravis
442 1517 487 1569 est
503 1510 530 1568 ei
544 1506 593 1568 vel
605 1508 716 1567 minima
729 1508 855 1582 iactura,
874 1507 938 1584 quia
948 1523 1083 1585 reparare

58 1594 83 1644 15
91 1590 159 1668 quod
173 1595 302 1654 amiseris
316 1593 430 1670 grauium
451 1600 505 1653 est.
536 1589 636 1652 Exim
651 1591 727 1651 bunc
741 1589 799 1669 illi,
822 1589 914 1649 exime
929 1588 1004 1651 buno
1018 1590 1110 1654 mihil

91 1676 261 1754 scrupulum:
276 1677 397 1736 sinemo
411 1678 549 1737 suavitate
564 1677 637 1754 eius,
652 1676 713 1735 sinc
727 1673 876 1752 leporibus
886 1673 1002 1753 perimi.
1025 1672 1083 1734 Ne·

90 1775 139 1835 que
159 1762 232 1820 enim
254 1776 371 1840 possum
392 1761 503 1820 tristem
522 1758 637 1837 videre,
665 1760 744 1819 cuius
765 1756 888 1818 hilaritas
905 1772 950 1816 nne
973 1758 1083 1818 tristem

89 1858 218 1916 essenon
236 1846 348 1922 patitur.
378 1841 411 1902 ln
425 1860 548 1920 summa,
569 1844 644 1903 nosti
661 1843 779 1902 facetias
792 1840 927 1909 hominis;
948 1858 1018 1920 quas
1032 1849 1109 1905 vce

89 1920 131 1982 lim
145 1926 281 1988 adtendas
292 1945 328 1987 ne
343 1928 371 1985 in
386 1925 472 1987 bilem
484 1936 515 1988 et
525 1925 734 1987 amaritudinem
751 1933 843 1984 vertat
856 1925 964 1983 iniuria.
994 1923 1084 1997 Quam

54 2009 138 2067 ierim
149 2008 254 2072 babeat
269 2009 395 2070 olicnsus
411 2009 497 2072 crede
513 2012 539 2070 ci
553 2028 634 2089 quam
648 2011 676 2069 in
692 2025 787 2068 amore
800 2007 895 2066 babet.
927 2005 993 2066 Non
1008 2007 1083 2068 leret

88 2107 209 2170 magnum
228 2105 260 2156 et
282 2092 401 2154 libemm
422 2095 564 2171 ingenium
584 2111 648 2152 cum
668 2088 838 2153 contumelia
857 2087 992 2149 damnum.
1025 2090 1109 2153 Vc=9

86 2191 141 2234 mm
154 2187 183 2237 ut
197 2178 274 2238 ierat
287 2176 354 2255 ille,
376 2193 433 2255 ego
453 2194 546 2236 meum
566 2177 708 2253 damnum,
724 2190 815 2234 meam
831 2172 1028 2234 contumeliam
1041 2177 1082 2234 iu-

87 2257 193 2340 dicabo,
210 2260 266 2322 sed
281 2279 337 2321 non
352 2269 492 2339 tamquam
511 2277 564 2339 pro
584 2277 664 2338 mea,
686 2258 743 2318 boc
764 2266 810 2318 est
830 2257 944 2334 grauius
966 2259 1080 2319 irascar.

88 2338 256 2424 Quamquam
276 2344 343 2424 quid
363 2343 618 2405 denuntiationibus
641 2353 671 2404 et
692 2342 772 2422 quasi
792 2341 874 2401 minis
898 2337 975 2418 ago?
1009 2340 1083 2414 Quin

53 2427 192 2507 tapetias,
210 2438 243 2490 ut
261 2445 430 2507 coeperam,
443 2444 533 2506 rogo,
549 2444 601 2488 oro
622 2426 675 2488 des
692 2441 808 2504 operam
824 2441 860 2484 ne
872 2422 922 2484 ille
935 2443 985 2503 se,
1006 2425 1083 2505 quod

87 2508 253 2575 validissime
268 2528 383 2590 uereor,
399 2528 484 2590 ame,
503 2528 561 2590 ego
576 2529 622 2573 me
635 2508 800 2589 neglectum
814 2527 830 2568 a
844 2517 873 2568 te
887 2518 993 2587 putem.
1026 2508 1082 2569 lla·

86 2591 132 2738 lbi:l
148 2604 261 2676 autem,
289 2598 314 2656 si
339 2595 396 2656 boc
419 2594 537 2674 perinde
564 2612 649 2656 curae
672 2601 717 2654 est
738 2593 790 2652 tibi
810 2607 894 2670 quam
912 2591 983 2652 illud
1004 2593 1080 2652 mibi.

133 2698 160 2739 e.

535 2807 626 2872 vllil.

359 2910 386 2966 o.
406 2909 533 2961 auuuuus
552 2909 669 2960 unone
689 2908 750 2959 suo
768 2907 794 2962 e.

143 3011 333 3074 Commendas
359 3012 426 3073 mibi
445 3010 546 3072 lulium
565 3009 708 3072 Nasonem
728 3008 910 3072 candidatum.
940 3006 1108 3070 Nasonemt

87 3093 166 3156 mibi?
192 3094 262 3176 quid
282 3098 307 3158 si
327 3113 372 3157 me
392 3092 506 3175 ipsum?
537 3095 612 3156 Fero
634 3103 727 3156 temen
745 3104 776 3155 et
791 3095 921 3172 ignosco.
954 3089 1083 3152 Eundem

86 3182 155 3241 eninr
172 3179 417 3242 commendassem
433 3179 498 3256 tibi,
520 3181 588 3239 site
603 3179 848 3240 Romaemorante
863 3174 1082 3256 ipscaiuisscm.

53 3259 172 3325 esllabet
186 3265 246 3325 boc
262 3263 434 3342 sollicitudo,
449 3261 525 3343 quod
538 3264 629 3324 omnia
639 3263 802 3323 necessaria
812 3270 902 3341 putat.
924 3258 965 3318 'lu
979 3267 1110 3337 tamen,t

87 3364 201 3427 censeo,
220 3347 291 3409 alios
304 3365 407 3427 roges;
428 3364 485 3426 ego
506 3365 623 3426 precum
635 3356 745 3409 tuarum
757 3347 885 3406 minister
897 3342 1007 3404 adiutor
1020 3361 1084 3423 per·

87 3430 175 3509 ticeps
190 3449 253 3492 cro.
283 3431 364 3493 Vale.

121 3517 195 3576 Puunu
213 3520 263 3576 Er.
904 3511 925 3572 8

54 2855 81 2912 it
