2580 3978
361 286 623 348 EPISTULARUM
638 286 675 347 ll.
693 297 719 350 7.
735 298 762 351 Β.
777 297 802 351 9.
822 299 865 351 10.
1077 290 1119 352 29

114 460 164 503 sus
179 439 292 501 adfatim
313 449 480 518 suggerunt.
517 440 575 500 Sed
596 440 657 500 sive
675 441 766 500 omnia
780 440 863 500 simul
880 442 941 502 sive
958 442 1064 523 aliquid
1078 441 1142 511 ian

115 527 169 602 cis,
185 542 242 586 non
256 541 375 603 possum
390 523 487 586 dicere
503 523 656 584 ‘invideo':
677 541 769 603 angor
780 533 873 585 tamen
887 543 944 585 non
961 526 1070 586 etmihi
1084 526 1117 587 li-

115 627 184 670 ccre
197 626 269 688 quae
282 609 325 669 sic
338 610 514 688 concupisco
529 618 559 670 ut
575 609 654 686 aegri
667 610 762 668 vinum
778 606 890 670 balinea
903 609 1010 670 fontes.
1031 608 1117 670 llum·

113 711 234 772 quamne
245 689 298 753 hos
309 693 465 754 artissimos
477 690 607 772 laqueos,
624 693 649 753 si
661 690 776 753 soluere
790 704 920 772 negatur,
936 692 1118 774 abrumpam?

87 775 281 857 5Numquam,
296 785 377 856 puto.
393 774 465 836 Nam
477 776 624 837 ueteribus
638 777 761 854 negotis
773 794 846 836 nova
859 777 1047 857 adcrescunt,
1064 791 1144 846 neca

112 871 207 922 tamen
223 863 318 941 priora
332 868 521 941 peraguntur:
543 869 585 922 tot
595 861 735 939 nexibus,
750 870 792 922 tot
808 863 888 939 qnasi
905 863 1013 922 catonis
1027 864 1115 925 maius

112 947 141 1004 in
156 945 218 1006 dies
235 947 452 1024 occupationum
468 962 570 1023 agmen
582 943 751 1005 extenditur.
767 943 849 1008 Vale.

568 1076 660 1138 VIIII.

358 1177 386 1231 c.
406 1176 531 1229 romnus
549 1177 747 1256 nronnrunru
762 1177 823 1230 suo
840 1177 865 1230 s.

175 1280 296 1340 Anxium
315 1297 361 1340 me
385 1289 415 1340 et
440 1281 596 1360 inquietum
614 1280 701 1342 babet
720 1282 822 1361 petitio
843 1281 923 1342 Sexti
943 1281 1030 1342 Eruci
1050 1283 1141 1350 meir

110 1365 241 1428 Adficior
262 1381 329 1425 cura
352 1373 382 1425 et
402 1381 485 1443 quam
503 1382 556 1444 pro
577 1382 623 1425 me
645 1362 865 1426 sollicitudinem
881 1383 938 1426 non
960 1365 1013 1425 adii
1035 1368 1115 1445 quasi

110 1467 164 1529 pro
179 1467 225 1509 me
241 1448 332 1509 altero
347 1451 453 1527 patior;
476 1457 505 1509 et
521 1447 626 1526 alioqui
638 1467 718 1510 meus
733 1449 840 1528 pudor,
856 1468 919 1510 mea
933 1451 1115 1528 existimatio,

110 1552 175 1596 mea
190 1533 311 1610 dignitas
324 1535 352 1592 in
367 1531 520 1594 discrimen
534 1532 692 1594 adducitur.
713 1531 779 1611 Ego
795 1533 884 1596 Sexto
901 1531 988 1594 latum
1005 1533 1140 1602 clavumn

71 1632 128 1684 rsa
150 1614 276 1681 Caesare
296 1625 412 1693 nostro,
437 1633 495 1694 ego
516 1627 695 1696 quaesturam
715 1619 871 1698 inpetrari,
892 1637 958 1679 meo
980 1619 1115 1696 suffragio

110 1702 243 1782 pervenit
257 1700 292 1760 ad
305 1703 349 1762 ius
365 1702 533 1762 tribunatum
543 1702 676 1781 petendi,
699 1720 783 1780 quem
797 1703 850 1763 nisi
867 1703 977 1764 obtinet
991 1705 1019 1763 in
1034 1721 1116 1763 sena·

110 1797 152 1864 tu,
168 1803 274 1846 vereor
288 1804 325 1845 nc
342 1784 494 1864 decepisse
509 1782 663 1847 Gaesarem
677 1786 785 1846 videar.
804 1784 925 1847 Proinde
936 1786 1141 1854 adnitenduma

110 1880 157 1932 est
172 1869 240 1930 mihi
254 1879 285 1929 nt
300 1867 386 1930 talem
400 1887 465 1929 eum
479 1868 605 1930 iudicent
626 1888 741 1950 omnes,
768 1869 879 1949 qualem
895 1889 963 1932 esse
978 1873 1115 1951 princeps

109 1954 177 2016 mibi
193 1952 324 2015 credidit.
344 1951 424 2026 Quas
440 1971 525 2015 causa
539 1955 564 2014 si
579 1954 701 2014 studium
710 1972 805 2015 meum
815 1973 872 2015 non
883 1956 1024 2034 incitaret,
1040 1955 1116 2016 adiu·

68 2048 169 2108 notum
186 2048 280 2100 tanen
295 2055 432 2117 cuperem
445 2039 578 2098 iuvenem
593 2039 804 2116 probissimum,
822 2041 1035 2118 gravissimum,
1052 2057 1116 2099 eru·

109 2123 296 2202 ditissimum,
318 2123 393 2181 omni
409 2120 531 2200 denique
551 2120 634 2182 laude
650 2121 858 2200 dignissimum,
878 2132 907 2183 et
923 2123 1037 2202 quidem
1052 2141 1116 2182 cum

106 2216 167 2268 tota
179 2207 272 2268 domo.
295 2203 367 2267 Nam
377 2215 460 2285 pater
471 2207 499 2266 ei
509 2205 631 2266 Erucius
645 2202 756 2283 Clarus,
773 2207 817 2264 uir
827 2216 954 2286 sauctus,
971 2207 1141 2286 antiquus,4

107 2290 243 2370 disertus,
258 2298 344 2368 atque
357 2291 385 2350 in
396 2289 514 2368 mendis
532 2291 625 2352 causis
640 2291 824 2367 exercitatus,
840 2309 910 2369 quas
925 2309 1031 2352 summa
1046 2291 1113 2369 lide,

106 2377 168 2454 pari
184 2373 357 2453 constantia,
380 2392 436 2435 nec
447 2374 620 2434 verecundia
630 2376 738 2434 minore
754 2373 892 2435 defendit.
921 2374 1014 2436 Habet
1030 2393 1115 2436 avun-

67 2459 204 2526 nsculum
220 2457 254 2519 G.
269 2458 445 2538 Septicium,
469 2474 526 2536 quo
540 2457 609 2518 nihil
623 2459 737 2536 verius,
756 2457 826 2518 nibil
848 2459 1025 2537 simplicius,
1043 2459 1112 2520 nibil

106 2543 266 2621 candidius,
280 2542 349 2602 nibil
364 2541 476 2604 fidelius
490 2545 567 2603 novi.
590 2541 696 2603 Omnes
712 2560 757 2602 me
774 2545 903 2606 tonatim
916 2554 946 2605 et
960 2554 1053 2605 minen
1067 2557 1139 2606 ae·5

105 2628 229 2707 qualiter
244 2637 351 2706 amant,
367 2627 496 2689 omnibus
510 2645 585 2688 nunc
598 2642 654 2704 ego
669 2628 697 2687 in
711 2644 767 2686 uno
783 2626 894 2687 referre
911 2629 1028 2705 gratiam
1045 2646 1113 2708 pos·

104 2731 178 2773 sum.
201 2711 302 2790 ltaque
313 2729 420 2790 prenso
430 2714 549 2788 amicos,
568 2708 711 2791 supplico,
729 2711 834 2789 ambio,
849 2711 949 2772 domos
961 2713 1112 2773 stationes·

104 2815 163 2876 que
186 2798 350 2874 circumeo,
373 2804 562 2874 quantumque
582 2793 630 2854 vel
651 2796 819 2856 auctoritate
835 2793 884 2855 vel
898 2796 988 2874 gratia
1002 2793 1112 2856 ‘valeam

66 2881 242 2960 sopreeibus
256 2883 401 2958 experior.
434 2878 475 2941 'le
492 2897 608 2958 quoquc
623 2879 747 2940 obsecro
764 2887 795 2938 ut
809 2877 930 2959 aliquam
945 2881 1040 2941 oneris
1056 2882 1138 2942 meid

104 2973 215 3043 partem
226 2966 376 3044 suscipere
388 2966 456 3025 tanti
468 2974 562 3044 putes.
581 2962 707 3023 Reddam
718 2963 822 3042 vicem,
838 2965 862 3024 si
872 2979 1031 3043 reposces,
1047 2964 1111 3024 red-

103 3049 167 3110 dam
178 3058 209 3109 et
220 3051 312 3109 sinon
323 3066 476 3127 reposces.
493 3047 641 3126 Diligeris,
655 3045 772 3125 coleris,
791 3047 995 3127 frequentaris:
1014 3057 1110 3110 osten·

102 3131 237 3193 demodo
249 3132 386 3211 vellete,
405 3150 462 3194 noc
471 3132 591 3193 deerunt
603 3132 650 3210 qui
662 3131 739 3210 quod
752 3140 781 3191 tu
797 3130 872 3193 vello
884 3133 1008 3212 cupiant.
1028 3131 1099 3192 Vale

584 3263 621 3326 X.

378 3365 405 3417 c.
423 3365 547 3418 nnrurus
565 3365 704 3417 oorsvro
724 3364 783 3417 suo
803 3365 830 3420 a.

164 3468 316 3529 Hominem
334 3449 534 3547 te'patieutem
552 3467 601 3528 rel
620 3469 716 3549 potins
737 3467 836 3529 durum
849 3486 884 3529 ac
898 3486 990 3548 paene
1009 3467 1133 3529 cmde·l

106 3551 173 3632 lem,
188 3554 307 3633 quitam
323 3553 450 3631 insignes
464 3552 554 3614 libros
571 3562 627 3613 tam
642 3552 688 3612 diu
702 3551 817 3615 teneas!
839 3551 996 3631 Quousque
1011 3561 1040 3612 et
1057 3550 1132 3611 tibin

1157 1016 1172 1056 t

72 1221 105 1273 10
