2580 3970
350 242 615 306 rsusoruuous
638 253 682 308 ιι.
695 255 736 310 16.
750 223 793 309 ιι.
807 255 849 309 ιε.
863 255 907 310 ιι.
1065 245 1129 308 nto
1153 251 1154 256 ι

123 396 246 460 bostium
269 395 408 475 obsequia
429 405 461 460 ut
484 398 639 460 vincendus
661 415 744 459 nemo
766 397 860 458 fuerit.
899 396 1046 464 Pulchrius
1071 399 1129 458 hoc

124 481 254 542 omnibus
276 480 432 559 triumphis.
469 479 570 561 Neque
593 484 667 542 enim
687 499 819 561 uinquam
838 483 891 541 nisi
913 499 949 542 ex
964 492 1128 560 contemptu

122 565 235 642 imperii
252 566 341 623 nostri
355 565 460 625 facturn
477 573 522 625 est
542 574 572 624 ut
587 567 777 626 sineeremus.
813 563 896 638 Quod
911 567 935 624 si
950 567 1012 644 quis
1027 565 1126 626 barba·

120 667 171 709 rus
187 665 240 708 rex
254 664 292 708 eo
308 647 477 709 insolentiae
496 647 657 728 furorisque
679 651 855 730 processerit
871 658 901 708 ut
915 650 983 708 iram
997 658 1072 708 tuam
1086 651 1127 708 in-

94 731 373 811 §dignationemque
398 740 556 809 mereatur,
581 750 618 791 ne
639 731 707 810 ille,
731 735 794 794 sive
819 731 958 794 interfuso
980 735 1049 792 mari
1075 750 1127 792 seu

123 816 284 876 fluminibus
305 815 440 876 inmensis
463 833 516 876 seu
537 817 688 895 praecipiti
714 825 810 876 moute
832 815 1008 895 defenditur,
1035 818 1128 876 omnia

124 899 198 960 baec
213 907 268 959 tam
283 915 373 976 prona
383 908 495 976 tamque
511 898 642 960 cedentia
656 900 805 961 uirtutibus
822 900 878 960 tuis
893 902 998 964 sentiet
1014 909 1044 960 ut
1060 899 1126 962 sub-

123 981 227 1044 sidisse
244 990 372 1060 montes,
395 981 507 1042 flumina
522 984 687 1062 exaruisse,
703 985 891 1063 interceptum
904 1001 998 1061 mare,
1014 983 1126 1044 inlatas·

124 1085 180 1146 que
202 1067 256 1127 sibi
279 1083 336 1126 non
357 1065 465 1128 classes
484 1075 596 1127 nostros
614 1066 667 1127 sed
683 1076 773 1128 terras
790 1070 867 1146 ipsas
884 1067 1042 1127 arbitretur.
1076 1066 1124 1126 Vi·
1138 1063 1173 1128 tt

75 1150 193 1217 lodeor
213 1152 267 1210 iarn
288 1167 407 1210 comere
426 1167 482 1212 uon
502 1149 603 1230 spoliis
623 1152 830 1229 provinciarum
851 1160 881 1210 et
900 1160 1012 1212 extorto
1037 1152 1125 1211 sociis

122 1251 191 1294 auro
211 1233 264 1295 sed
284 1233 437 1294 hostilibus
457 1235 540 1294 nmis
562 1242 765 1313 captorumque
785 1250 885 1310 regum
907 1236 1015 1295 catenis
1031 1237 1124 1294 nium·

123 1317 209 1396 phum
223 1335 352 1396 gravem:
374 1315 474 1378 uideor
489 1318 612 1394 ingentia
627 1317 729 1378 ducum
739 1321 850 1378 uomina
861 1335 915 1378 nec
930 1317 1064 1379 indecora
1073 1335 1125 1377 no·

122 1400 243 1462 minibus
257 1417 380 1479 corpora
393 1401 553 1462 noscitare:
568 1400 669 1463 videor
684 1403 785 1462 intueri
799 1401 955 1462 inmanibus
971 1403 1047 1461 ausis
1062 1401 1124 1461 bar·

124 1485 254 1546 banorum
275 1493 375 1546 onusta
395 1484 505 1546 fercula
526 1494 620 1546 elsua
635 1502 776 1565 quemque
791 1485 867 1546 facta
882 1486 983 1544 vinctis
997 1486 1124 1546 manibus

75 1573 114 1626 15
124 1577 307 1648 sequentem:
324 1586 390 1628 mox
404 1571 495 1648 ipsum
509 1577 539 1629 te
554 1567 703 1630 sublimem
717 1573 923 1648 instantemque
939 1586 1022 1633 curru
1038 1568 1125 1630 domi·

123 1663 212 1714 tarum
233 1653 358 1729 gentium
380 1660 481 1730 tergo,
507 1661 572 1712 ante
594 1671 706 1714 currum
726 1663 818 1713 autem
840 1653 951 1732 clipeos
974 1670 1046 1732 quos
1061 1653 1124 1732 ipse

124 1735 294 1816 perfoderis.
325 1733 388 1796 Nec
404 1737 455 1796 tibi
469 1737 563 1814 opima
578 1736 736 1815 defuerint,
753 1739 777 1796 si
792 1738 855 1816 quis
870 1739 970 1814 regum
984 1738 1082 1796 venire
1096 1738 1124 1795 in

122 1837 220 1880 manus
239 1819 356 1897 audeat,
382 1837 437 1880 nec
457 1839 517 1882 non
538 1819 623 1881 modo
643 1820 765 1880 telorum
780 1830 890 1880 tuorum
910 1819 962 1881 sed
978 1819 1124 1880 oculorum

123 1906 208 1964 etiam
221 1905 413 1982 minarumque
429 1905 589 1965 coniectum
604 1913 665 1966 toto
682 1921 781 1984 campo
799 1913 915 1984 totoque
932 1906 1060 1964 exercitu
1072 1921 1123 1983 op·

76 1988 218 2066 adposito
233 1987 444 2066 perhorrescat.
480 1985 609 2048 lleruisti
625 1990 751 2067 proxima
764 1988 958 2048 moderatione
974 1997 1019 2063 ut,
1037 2005 1122 2066 quan·

122 2072 283 2150 docunque
296 2081 327 2131 te
341 2069 390 2130 rel
404 2068 510 2130 inferre
524 2070 572 2131 rel
587 2071 756 2151 propulsare
771 2070 877 2131 bellum
894 2072 1024 2148 coegerit
1033 2072 1123 2148 impe·

121 2157 155 2214 rii
171 2154 307 2232 dignitas,
328 2172 385 2217 non
400 2153 466 2214 ideo
480 2156 587 2216 vicisse
602 2154 724 2216 ridearis
737 2164 767 2215 ut
781 2154 984 2234 triumphares,
1007 2154 1060 2215 sed
1075 2155 1122 2213 tri·

121 2238 256 2317 umpbare
272 2240 336 2317 quia
350 2239 463 2299 viceris.
498 2237 583 2298 Aliud
597 2255 634 2298 ex
649 2238 704 2299 alio
716 2236 782 2298 mibi
798 2241 932 2298 occurrit.
949 2236 1038 2311 Quam
1053 2257 1120 2317 spe·
1133 2244 1172 2307 18

122 2324 233 2383 ciosum
254 2333 299 2382 est
323 2324 397 2382 enim
418 2321 496 2401 quod
517 2321 694 2400 disciplinam
717 2331 873 2384 castrorum
894 2322 1002 2400 lapsam
1029 2324 1118 2383 extin-

77 2421 113 2474 25
123 2414 253 2485 emurque
268 2405 399 2467 refovisti
413 2406 535 2484 depulso
551 2407 655 2484 prioris
667 2405 775 2466 saeculi
788 2407 879 2485 malo,
895 2408 995 2467 inertia
1009 2415 1038 2466 et
1053 2424 1121 2468 con·

123 2491 243 2550 tomacla
257 2499 286 2550 et
302 2490 503 2568 dedignatione
518 2487 656 2570 parendi?
680 2490 781 2551 Tutum
798 2499 842 2550 est
856 2493 1063 2569 reverentiam,
1080 2500 1122 2552 tu·

120 2583 180 2634 tum
200 2575 344 2635 caritatem
363 2577 483 2652 mereri,
505 2592 561 2635 uec
580 2574 683 2636 dueum
704 2577 850 2655 quisquam
871 2583 918 2634 aut
937 2592 994 2634 non
1007 2575 1122 2636 amaria

120 2655 254 2717 militibus
275 2666 323 2718 aut
335 2660 428 2720 amari
448 2660 541 2728 timet;
566 2666 595 2718 et
614 2657 679 2718 inde
695 2659 822 2718 offensae
837 2659 942 2737 pariter
955 2659 1122 2736 gratiaeque

121 2742 234 2819 securi,
256 2742 359 2802 instant
374 2743 525 2821 operibus,
549 2741 649 2802 adsunt
664 2742 931 2818 exercitationibus,
954 2758 1029 2800 arma
1043 2759 1121 2800 moe-

77 2826 165 2887 donia
175 2826 252 2886 viros
263 2833 367 2904 aptant.
391 2824 505 2904 Quippe
519 2843 575 2886 non
589 2829 613 2887 is
625 2826 760 2903 princeps
773 2827 821 2905 qui
832 2825 886 2886 sibi
898 2827 1051 2902 inminere,
1066 2824 1122 2884 sibi

120 2907 227 2970 intendi
241 2919 321 2987 putet
337 2909 414 2989 quod
427 2910 455 2968 in
469 2909 569 2970 hostes
584 2917 711 2987 peretum
730 2927 804 2989 quae
822 2911 970 2988 persuasio
991 2908 1044 2969 fuit
1058 2907 1123 2970 illo·

119 3008 182 3052 rum
195 2993 261 3071 qui,
277 2993 390 3053 hostilia
406 3010 469 3054 curn
484 2994 628 3070 facerent,
644 2992 788 3054 timebant.
812 2991 902 3054 Iidem
916 3010 988 3070 ergo
1003 3001 1120 3072 torpere

119 3076 248 3136 militaria
268 3076 358 3138 studia
377 3093 433 3137 nee
453 3078 560 3138 animos
580 3075 665 3137 modo
680 3077 777 3137 sedet
792 3093 913 3158 corpora
927 3079 990 3157 ipse
1004 3076 1120 3154 langue-

119 3177 223 3237 scere,
250 3159 360 3236 gladios
382 3162 465 3222 etiam
484 3163 592 3222 incuria
611 3159 740 3222 hebetari
760 3161 929 3240 retundique
951 3158 1119 3238 gaudebant.

75 3242 218 3310 35Duces
240 3261 326 3322 porro
348 3246 456 3323 nostri,
477 3262 533 3306 non
548 3253 604 3305 tam
619 3262 719 3322 regum
734 3255 894 3306 exterorum
909 3262 991 3324 mam
1006 3261 1121 3304 suorum

119 3329 278 3407 principum
298 3328 430 3406 iusidias,
451 3347 507 3389 nec
526 3338 582 3390 tam
595 3329 718 3389 hostium
732 3347 817 3408 quern¹
831 3327 1048 3390 commilitonum
1062 3345 1118 3386 rna-

118 3429 173 3472 nus
192 3412 355 3491 ferrumque
370 3414 539 3474 metuebant.
582 3411 636 3474 list
654 3412 727 3472 baec
748 3423 844 3474 natura
859 3413 998 3473 sideribus
1013 3420 1117 3489 utpar·
1130 3413 1170 3474 19
1249 3475 1251 3480 ,

117 3513 153 3556 va
169 3505 199 3556 et
214 3495 299 3556 exilia
320 3495 484 3575 validiorum
506 3505 622 3558 exortus
642 3497 792 3558 obscuret:
818 3497 948 3558 similiter
968 3498 1119 3573 imperato·
