2580 3970
402 259 669 324 rnnnetitictts
687 273 731 328 et.
745 275 788 329 38.
801 274 846 328 39.
1064 266 1127 334 tol

123 412 230 484 scindi;
245 412 352 474 nullum
367 417 435 476 tanti
450 415 518 476 esse
532 416 656 494 vectigal
672 415 749 496 q'uod
762 416 871 478 liberos
886 435 921 477 ac
936 430 1069 497 parentes
1086 422 1127 483 ia·

124 506 205 560 aeret
224 505 385 559 extraneos.
418 497 562 560 Hactenus
583 499 648 560 ille:
671 501 784 578 parcius
798 501 921 562 iurasse
936 519 1018 580 quam
1033 503 1127 566 decuit
1137 503 1178 566 38

125 582 259 661 optimum
273 583 447 660 prinoipem,
475 581 528 643 sed
548 598 605 643 non
626 584 739 662 parcius
758 601 839 664 quarn
859 586 993 662 optimum
1005 596 1126 666 patrem,

123 666 171 744 qni
184 665 327 743 aptam
338 665 532 744 adoptaturus,
549 666 605 727 boc
620 683 735 746 quoque
750 670 875 745 parentis
889 665 1127 747 indulgentissimi

97 749 210 826 eiecit,
235 748 314 827 quod
332 748 475 811 delibasse
494 749 633 829 quaedam
646 767 699 810 sen
716 753 812 829 potins
828 752 1040 814 demonstrasse
1058 772 1126 815 eon·

122 840 234 908 tentus,
256 830 364 910 largam
377 850 412 893 ae
426 849 519 913 prope
533 834 665 894 intactam
678 833 754 895 bene
768 834 892 896 faciendi
909 838 1053 898 materiam
1068 838 1126 898 lilio

122 917 289 976 reservarit.
326 916 424 978 Statim
441 933 512 994 ergo
530 918 638 978 muneri
660 919 723 979 eius
744 916 901 980 liberalitas
921 929 968 980 tua
989 919 1127 982 adstruxit

122 1006 163 1076 ut,
177 999 410 1078 quemadmodum
423 1001 550 1079 lupatria
561 1000 647 1080 iilius,
658 1003 700 1063 sic
712 1002 741 1062 in
751 1002 910 1064 hereditate
922 1001 971 1063 lilii
982 1013 1066 1084 pater
1076 1024 1125 1066 es-

123 1092 169 1145 set
182 1084 318 1161 inmunis,
333 1102 389 1144 nec
403 1083 506 1145 eodem
521 1094 664 1146 momento
680 1103 739 1164 quo
753 1095 835 1164 pater
849 1103 917 1148 csse
930 1085 1055 1149 desisset
1069 1088 1126 1150 boc

81 1173 114 1226 10
124 1183 240 1246 qnoque
253 1169 396 1228 amitteret
409 1166 486 1248 quod
502 1167 614 1230 inisset.
646 1167 792 1248 Egregie,
812 1167 936 1247 Caesar,
953 1171 1028 1250 quod
1042 1172 1125 1232 lacri-

121 1268 182 1311 mas
197 1261 344 1329 parentum
356 1250 516 1330 vectigales
530 1253 600 1313 'esse
614 1270 671 1313 non
680 1255 798 1332 patenis.
817 1253 896 1313 Bona
911 1252 959 1313 lilii
971 1264 1054 1332 pater
1064 1257 1125 1316 sine

123 1333 313 1396 deminutione
328 1335 491 1415 possideat,
506 1353 563 1396 nec
576 1339 687 1398 soomm
700 1335 864 1398 hereditatis
876 1338 999 1415 accipiat
1011 1341 1126 1417 quinon

123 1417 208 1480 babet
224 1415 335 1480 luctus:
351 1437 435 1480 nemo
448 1428 596 1480 recentem
609 1430 639 1482 et
653 1422 796 1482 attonitam
810 1420 960 1481 orbitatem
974 1421 1008 1481 ad
1019 1437 1125 1499 conpu-

122 1503 257 1562 tationem
276 1512 364 1566 vocet
389 1511 533 1582 cogatque
553 1513 663 1584 patrem
684 1503 752 1584 qnid
776 1502 924 1584 reliquerit
944 1503 1018 1566 lilius
1039 1507 1126 1566 scire.

80 1587 113 1639 15
121 1585 242 1664 Argeo,
259 1596 356 1666 patres
369 1587 541 1666 conscripti,
558 1589 695 1668 principis
706 1605 823 1666 munus,
840 1603 904 1648 cnm
921 1587 1043 1650 ostendo
1055 1587 1126 1649 libe·

120 1667 223 1730 ralitati
237 1671 299 1731 eius
314 1673 412 1733 inesse
429 1672 576 1732 rationem.
598 1670 722 1733 Ambitio
736 1672 810 1732 enim
822 1681 852 1732 ct
866 1673 996 1732 iactantia
1011 1681 1041 1734 et
1054 1672 1126 1732 eilu-

121 1754 167 1814 sic
181 1762 211 1814 et
227 1754 339 1832 quiduis
354 1757 449 1834 potius
464 1771 547 1835 quam
561 1755 716 1817 liberalitas
732 1755 917 1816 existimanda
933 1763 979 1816 est
993 1757 1039 1816 cui
1054 1758 1125 1816 ratio

121 1854 177 1896 non
188 1847 307 1898 constat.
315 1837 439 1917 Dignum
448 1855 531 1916 ergo,
544 1841 707 1919 imperator,
719 1837 932 1900 mansuetudine
942 1848 990 1899 tna
999 1839 1126 1899 minuere

121 1919 249 1983 orbitatis
269 1921 382 1984 inierim
403 1941 459 1983 nec
480 1924 538 2002 pati
556 1925 724 2002 quemquam
744 1921 803 1983 lilio
821 1924 927 1983 amisso
942 1923 1061 2000 insuper
1078 1921 1125 1981 ad·

78 2010 112 2062 bo
122 2004 170 2063 lici
184 2003 240 2064 ulio
256 2003 365 2067 dolore.
394 2006 443 2066 Sic
458 2020 574 2085 quoque
587 2005 699 2067 abunde
712 2007 816 2066 misera
830 2024 877 2066 res
892 2014 955 2081 est,
970 2014 1053 2083 pater
1067 2004 1133 2065 lilio'

120 2086 201 2149 solus
212 2089 313 2152 berea:
325 2089 427 2170 quidsi
439 2089 611 2150 coheredem
622 2106 678 2149 non
690 2107 707 2150 a
717 2087 776 2148 tilio
786 2085 928 2168 accipiat?
941 2087 1024 2149 Adde
1036 2087 1123 2166 quod,

122 2189 186 2231 cum
202 2171 284 2233 divus
298 2172 393 2233 Nerva
409 2174 551 2235 sanxisset
565 2181 596 2233 nt
614 2174 643 2233 in
657 2174 782 2252 paternis
796 2172 879 2234 bonis
894 2170 977 2232 liberi
994 2172 1124 2232 necessi·

121 2264 178 2316 tate
195 2255 564 2335 cenomannensium,
590 2273 752 2335 congruens
766 2265 827 2317 erat
843 2255 963 2316 eandem
977 2256 1125 2315 inmunita-

119 2348 179 2400 tem
198 2349 333 2418 parentes
351 2343 380 2400 in
399 2340 553 2401 liberorum
566 2341 650 2402 bonis
663 2340 803 2401 obtinere.
838 2336 897 2400 Gur
911 2341 985 2399 enim
998 2341 1125 2418 posteris

78 2433 111 2486 td
121 2421 240 2503 amplior
250 2423 342 2485 bonor
352 2442 434 2504 quarn
444 2425 597 2486 maioribus
607 2420 782 2485 haberetur?
797 2441 884 2484 cume
896 2440 952 2482 non
962 2432 1041 2483 retro
1056 2439 1125 2500 quo·

120 2525 177 2586 que
192 2518 355 2570 recurreret
367 2511 495 2588 aequitas
507 2506 627 2570 eademi
648 2507 690 2567 'ln
705 2507 835 2588 quidem,
852 2504 974 2584 Gaesar,
989 2505 1066 2566 illam
1077 2523 1127 2567 ex·

121 2591 284 2670 ceptionem
297 2594 444 2654 removisti
458 2594 496 2654 ‘si
509 2593 594 2654 modo
610 2591 684 2652 lilius
699 2593 728 2652 in
742 2600 886 2671 potestate
897 2593 985 2670 patris
998 2590 1125 2668 fuisset',

119 2675 247 2753 intuitus,
262 2677 373 2755 opinor,
387 2678 444 2736 uim
458 2676 612 2755 legemque
626 2685 753 2753 naturae,
769 2693 841 2754 quae
854 2690 970 2752 semper
980 2673 1010 2734 in
1020 2672 1126 2734 deone

119 2757 267 2838 parentum
288 2778 357 2820 esse
377 2758 486 2822 liberos
506 2762 603 2835 iussit,
628 2777 684 2820 nec
700 2759 740 2819 nti
757 2760 830 2818 inter
844 2756 974 2837 pecudes
989 2758 1033 2818 sic
1052 2757 1127 2817 inter

76 2843 252 2906 tobomines
268 2852 440 2922 potestatem
451 2852 481 2904 et
493 2843 642 2923 imperium
652 2839 858 2903 valentioribus
869 2839 956 2901 dedit.
977 2838 1041 2900 Nec
1054 2857 1125 2900 raro
1136 2847 1178 2910 39

120 2933 271 2988 contentus
282 2928 400 3006 primum
413 2929 592 3005 cognationis
603 2925 720 3005 gradum
731 2924 887 2987 abstulisse
895 2926 1063 3002 vicesimae,
1079 2942 1126 2986 sc·

120 3009 242 3072 cundum
256 3028 372 3090 quoque
387 3012 510 3088 exemit,
527 3012 658 3090 cavitque
672 3011 744 3071 utin
760 3009 868 3071 sororis
880 3007 964 3070 bonis
976 3007 1081 3085 irater,
1097 3017 1128 3068 et

120 3101 219 3155 contra
232 3095 261 3154 in
275 3093 369 3157 fratris
384 3111 483 3171 soror,
498 3104 588 3174 utque
601 3111 671 3155 nnus
685 3101 715 3155 et
727 3096 791 3155 avia
800 3094 829 3154 in
838 3094 934 3172 neptis
943 3093 1126 3170 nepotisque,

120 3186 151 3239 et
164 3178 288 3240 invicem
298 3177 341 3238 illi
355 3188 538 3240 servarentur
549 3179 688 3239 inmunes.
710 3176 749 3238 lis
764 3195 879 3256 quoque
894 3176 997 3255 quibus
1011 3191 1065 3253 per
1075 3172 1127 3235 ba·

75 3264 190 3324 tttinm
205 3262 303 3324 eivitm
320 3261 445 3324 Romana
457 3263 599 3342 patuisset
613 3261 688 3322 idem
701 3259 835 3338 indulsit,
851 3259 1039 3337 omnibusque
1053 3260 1128 3318 inter

119 3365 153 3407 se
169 3345 371 3425 cognationum
391 3348 451 3408 ima
466 3347 622 3424 commisit,
644 3344 727 3406 simul
747 3355 778 3406 et
790 3345 898 3424 pariter
912 3351 942 3404 et
954 3358 1035 3402 more
1047 3350 1127 3402 natu·

117 3448 186 3509 rae,
209 3447 282 3510 quac
297 3432 410 3510 priores
424 3429 571 3510 principes
586 3417 604 3490 ai
622 3428 742 3507 singulis
762 3430 858 3506 rogari
872 3427 1053 3506 gestiebant,
1070 3440 1126 3484 non

103 3523 176 3577 tam
199 3513 361 3596 praestandi
381 3515 473 3574 animo
484 3531 572 3594 qnam
587 3512 718 3591 negandi.
751 3511 798 3574 Ex
813 3527 870 3592 quo
885 3509 1016 3588 intellegi
1030 3516 1128 3590 potest
