<?xml version="1.0" encoding="UTF-8"?>
<!DOCTYPE html PUBLIC "-//W3C//DTD XHTML 1.0 Transitional//EN"
    "http://www.w3.org/TR/xhtml1/DTD/xhtml1-transitional.dtd">
<html xmlns="http://www.w3.org/1999/xhtml" xml:lang="en" lang="en">
 <head>
  <title>
</title>
<meta http-equiv="Content-Type" content="text/html;charset=utf-8" />
  <meta name='ocr-system' content='tesseract 3.04.00' />
  <meta name='ocr-capabilities' content='ocr_page ocr_carea ocr_par ocr_line ocrx_word'/>
</head>
<body>
  <div class='ocr_page' id='page_1' title='image "./cplinicaecilise05plingoog_0051.png"; bbox 0 0 2580 3978; ppageno 0'>
   <div class='ocr_carea' id='block_1_1' title="bbox 614 286 766 348">
    <p class='ocr_par' dir='ltr' id='par_1_1' title="bbox 614 286 766 348">
     <span class='ocr_line' id='line_1_1' title="bbox 614 286 766 348; baseline 0 0"><span class='ocrx_word' id='word_1_1' title='bbox 614 286 648 348; x_wconf 78' lang='lat' dir='ltr'><strong>G.</strong></span> <span class='ocrx_word' id='word_1_2' title='bbox 667 286 766 348; x_wconf 79' lang='lat' dir='ltr'><strong>rnlnl</strong></span> 
     </span>
    </p>
   </div>
   <div class='ocr_carea' id='block_1_2' title="bbox 395 437 1286 630">
    <p class='ocr_par' dir='ltr' id='par_1_2' title="bbox 395 437 1286 630">
     <span class='ocr_line' id='line_1_2' title="bbox 641 437 734 500; baseline -0.011 -1"><span class='ocrx_word' id='word_1_3' title='bbox 641 437 734 500; x_wconf 86' lang='lat' dir='ltr'><strong>XXII.</strong></span> 
     </span>
     <span class='ocr_line' id='line_1_3' title="bbox 395 549 1286 630; baseline 0.006 -27"><span class='ocrx_word' id='word_1_4' title='bbox 395 553 422 609; x_wconf 90' lang='lat' dir='ltr'><strong>o.</strong></span> <span class='ocrx_word' id='word_1_5' title='bbox 441 554 566 606; x_wconf 82' lang='lat' dir='ltr'><strong>rnmms</strong></span> <span class='ocrx_word' id='word_1_6' title='bbox 585 555 711 607; x_wconf 76' lang='lat' dir='ltr'><strong>cnnnno</strong></span> <span class='ocrx_word' id='word_1_7' title='bbox 731 553 856 606; x_wconf 85' lang='lat' dir='ltr'><strong>snvsso</strong></span> <span class='ocrx_word' id='word_1_8' title='bbox 877 551 937 605; x_wconf 88' lang='lat' dir='ltr'><strong>suo</strong></span> <span class='ocrx_word' id='word_1_9' title='bbox 957 551 985 610; x_wconf 88' lang='lat' dir='ltr'><strong>s</strong></span> <span class='ocrx_word' id='word_1_10' title='bbox 1285 549 1286 630; x_wconf 64' lang='lat' dir='ltr'><strong>t</strong></span> 
     </span>
    </p>
   </div>
   <div class='ocr_carea' id='block_1_3' title="bbox 71 687 1286 3621">
    <p class='ocr_par' dir='ltr' id='par_1_3' title="bbox 163 687 1286 1021">
     <span class='ocr_line' id='line_1_4' title="bbox 163 687 1286 772; baseline -0.005 -18"><span class='ocrx_word' id='word_1_11' title='bbox 163 709 178 760; x_wconf 93' lang='lat'>1</span> <span class='ocrx_word' id='word_1_12' title='bbox 246 693 303 753; x_wconf 87' lang='lat' dir='ltr'><strong>lliu</strong></span> <span class='ocrx_word' id='word_1_13' title='bbox 316 693 369 751; x_wconf 90' lang='lat' dir='ltr'><strong>iam</strong></span> <span class='ocrx_word' id='word_1_14' title='bbox 382 693 410 751; x_wconf 93' lang='lat' dir='ltr'><strong>in</strong></span> <span class='ocrx_word' id='word_1_15' title='bbox 424 692 496 752; x_wconf 92' lang='lat' dir='ltr'><strong>nrbe</strong></span> <span class='ocrx_word' id='word_1_16' title='bbox 511 691 629 769; x_wconf 84' lang='lat' dir='ltr'>haereo,</span> <span class='ocrx_word' id='word_1_17' title='bbox 645 702 674 752; x_wconf 95' lang='lat' dir='ltr'><strong>et</strong></span> <span class='ocrx_word' id='word_1_18' title='bbox 690 691 804 772; x_wconf 89' lang='lat' dir='ltr'><strong>quidem</strong></span> <span class='ocrx_word' id='word_1_19' title='bbox 817 692 962 752; x_wconf 85' lang='lat' dir='ltr'><strong>attonitus.</strong></span> <span class='ocrx_word' id='word_1_20' title='bbox 980 687 1129 748; x_wconf 78' lang='lat' dir='ltr'><strong>Perturbat</strong></span> <span class='ocrx_word' id='word_1_21' title='bbox 1144 705 1190 746; x_wconf 92' lang='lat' dir='ltr'><strong>me</strong></span> <span class='ocrx_word' id='word_1_22' title='bbox 1285 725 1286 748; x_wconf 65' lang='grc' dir='ltr'>ι</span> 
     </span>
     <span class='ocr_line' id='line_1_5' title="bbox 186 769 1286 874; baseline -0.004 -37"><span class='ocrx_word' id='word_1_23' title='bbox 186 777 273 854; x_wconf 89' lang='lat' dir='ltr'><strong>longa</strong></span> <span class='ocrx_word' id='word_1_24' title='bbox 288 785 319 836; x_wconf 90' lang='lat' dir='ltr'><strong>et</strong></span> <span class='ocrx_word' id='word_1_25' title='bbox 331 777 463 855; x_wconf 79' lang='lat' dir='ltr'>pertinax</span> <span class='ocrx_word' id='word_1_26' title='bbox 475 774 600 836; x_wconf 89' lang='lat' dir='ltr'><strong>valitudo</strong></span> <span class='ocrx_word' id='word_1_27' title='bbox 616 774 670 836; x_wconf 87' lang='lat' dir='ltr'><strong>Titi</strong></span> <span class='ocrx_word' id='word_1_28' title='bbox 684 776 844 852; x_wconf 78' lang='lat' dir='ltr'><strong>Aristonis,</strong></span> <span class='ocrx_word' id='word_1_29' title='bbox 861 791 946 852; x_wconf 91' lang='lat' dir='ltr'><strong>quem</strong></span> <span class='ocrx_word' id='word_1_30' title='bbox 962 769 1144 849; x_wconf 79' lang='lat' dir='ltr'><strong>singulariter</strong></span> <span class='ocrx_word' id='word_1_31' title='bbox 1160 779 1213 834; x_wconf 83' lang='lat' dir='ltr'><strong>et5</strong></span> <span class='ocrx_word' id='word_1_32' title='bbox 1285 807 1286 874; x_wconf 49' lang='lat' dir='ltr'><strong>q</strong></span> 
     </span>
     <span class='ocr_line' id='line_1_6' title="bbox 185 855 1286 936; baseline -0.002 -16"><span class='ocrx_word' id='word_1_33' title='bbox 185 864 272 922; x_wconf 91' lang='lat' dir='ltr'><strong>miror</strong></span> <span class='ocrx_word' id='word_1_34' title='bbox 285 869 315 920; x_wconf 87' lang='lat' dir='ltr'><strong>et</strong></span> <span class='ocrx_word' id='word_1_35' title='bbox 333 858 429 936; x_wconf 84' lang='lat' dir='ltr'>diligo.</span> <span class='ocrx_word' id='word_1_36' title='bbox 460 857 538 919; x_wconf 87' lang='lat' dir='ltr'><strong>Nihil</strong></span> <span class='ocrx_word' id='word_1_37' title='bbox 549 868 595 920; x_wconf 89' lang='lat' dir='ltr'><strong>est</strong></span> <span class='ocrx_word' id='word_1_38' title='bbox 612 861 686 919; x_wconf 92' lang='lat' dir='ltr'><strong>enim</strong></span> <span class='ocrx_word' id='word_1_39' title='bbox 699 858 749 919; x_wconf 94' lang='lat' dir='ltr'><strong>illo</strong></span> <span class='ocrx_word' id='word_1_40' title='bbox 764 859 895 936; x_wconf 61' lang='lat' dir='ltr'><strong>marius,</strong></span> <span class='ocrx_word' id='word_1_41' title='bbox 911 858 1049 933; x_wconf 88' lang='lat' dir='ltr'><strong>sanctius,</strong></span> <span class='ocrx_word' id='word_1_42' title='bbox 1065 855 1188 932; x_wconf 87' lang='lat' dir='ltr'><strong>doctius,</strong></span> <span class='ocrx_word' id='word_1_43' title='bbox 1285 923 1286 936; x_wconf 42' lang='lat'><strong>,</strong></span> 
     </span>
     <span class='ocr_line' id='line_1_7' title="bbox 187 940 1189 1021; baseline -0.005 -17"><span class='ocrx_word' id='word_1_44' title='bbox 187 955 216 1004; x_wconf 91' lang='lat' dir='ltr'><strong>ut</strong></span> <span class='ocrx_word' id='word_1_45' title='bbox 230 944 296 1004; x_wconf 90' lang='lat' dir='ltr'><strong>mihi</strong></span> <span class='ocrx_word' id='word_1_46' title='bbox 311 961 368 1004; x_wconf 92' lang='lat' dir='ltr'><strong>non</strong></span> <span class='ocrx_word' id='word_1_47' title='bbox 381 961 453 1004; x_wconf 91' lang='lat' dir='ltr'><strong>unus</strong></span> <span class='ocrx_word' id='word_1_48' title='bbox 469 943 554 1004; x_wconf 92' lang='lat' dir='ltr'><strong>bomo</strong></span> <span class='ocrx_word' id='word_1_49' title='bbox 576 942 629 1003; x_wconf 90' lang='lat' dir='ltr'><strong>sed</strong></span> <span class='ocrx_word' id='word_1_50' title='bbox 643 943 756 1004; x_wconf 79' lang='lat' dir='ltr'><strong>litterae</strong></span> <span class='ocrx_word' id='word_1_51' title='bbox 773 945 854 1021; x_wconf 84' lang='lat' dir='ltr'><strong>ipsae</strong></span> <span class='ocrx_word' id='word_1_52' title='bbox 869 957 1027 1020; x_wconf 90' lang='lat' dir='ltr'><strong>omnesque</strong></span> <span class='ocrx_word' id='word_1_53' title='bbox 1040 940 1132 1000; x_wconf 88' lang='lat' dir='ltr'><strong>bonae</strong></span> <span class='ocrx_word' id='word_1_54' title='bbox 1146 957 1189 999; x_wconf 85' lang='lat' dir='ltr'><strong>an·</strong></span> 
     </span>
    </p>

    <p class='ocr_par' dir='ltr' id='par_1_4' title="bbox 163 1021 1286 1274">
     <span class='ocr_line' id='line_1_8' title="bbox 163 1021 1286 1106; baseline -0.009 -15"><span class='ocrx_word' id='word_1_55' title='bbox 163 1039 231 1090; x_wconf 72' lang='lat' dir='ltr'><strong>ntes</strong></span> <span class='ocrx_word' id='word_1_56' title='bbox 248 1031 276 1088; x_wconf 96' lang='lat' dir='ltr'><strong>in</strong></span> <span class='ocrx_word' id='word_1_57' title='bbox 291 1045 346 1087; x_wconf 92' lang='lat' dir='ltr'><strong>uno</strong></span> <span class='ocrx_word' id='word_1_58' title='bbox 361 1026 474 1088; x_wconf 92' lang='lat' dir='ltr'><strong>bomine</strong></span> <span class='ocrx_word' id='word_1_59' title='bbox 489 1044 626 1088; x_wconf 90' lang='lat' dir='ltr'><strong>summum</strong></span> <span class='ocrx_word' id='word_1_60' title='bbox 639 1025 799 1106; x_wconf 90' lang='lat' dir='ltr'><strong>periculum</strong></span> <span class='ocrx_word' id='word_1_61' title='bbox 812 1025 891 1086; x_wconf 88' lang='lat' dir='ltr'><strong>adire</strong></span> <span class='ocrx_word' id='word_1_62' title='bbox 910 1024 1067 1086; x_wconf 86' lang='lat' dir='ltr'><strong>videantur.</strong></span> <span class='ocrx_word' id='word_1_63' title='bbox 1099 1021 1190 1094; x_wconf 86' lang='lat' dir='ltr'><strong>Quam</strong></span> <span class='ocrx_word' id='word_1_64' title='bbox 1206 1056 1208 1060; x_wconf 80' lang='lat'><em>.</em></span> <span class='ocrx_word' id='word_1_65' title='bbox 1285 1021 1286 1102; x_wconf 64' lang='lat' dir='ltr'>J</span> 
     </span>
     <span class='ocr_line' id='line_1_9' title="bbox 186 1103 1286 1193; baseline -0.008 -20"><span class='ocrx_word' id='word_1_66' title='bbox 186 1114 296 1193; x_wconf 90' lang='lat' dir='ltr'><strong>peritus</strong></span> <span class='ocrx_word' id='word_1_67' title='bbox 311 1110 361 1170; x_wconf 89' lang='lat' dir='ltr'><strong>illc</strong></span> <span class='ocrx_word' id='word_1_68' title='bbox 375 1121 404 1172; x_wconf 91' lang='lat' dir='ltr'><strong>et</strong></span> <span class='ocrx_word' id='word_1_69' title='bbox 418 1112 520 1190; x_wconf 84' lang='lat' dir='ltr'><strong>privati</strong></span> <span class='ocrx_word' id='word_1_70' title='bbox 533 1112 602 1172; x_wconf 87' lang='lat' dir='ltr'><strong>iuris</strong></span> <span class='ocrx_word' id='word_1_71' title='bbox 614 1119 643 1170; x_wconf 89' lang='lat' dir='ltr'><strong>ot</strong></span> <span class='ocrx_word' id='word_1_72' title='bbox 653 1109 777 1190; x_wconf 87' lang='lat' dir='ltr'><strong>publici!</strong></span> <span class='ocrx_word' id='word_1_73' title='bbox 793 1119 925 1188; x_wconf 92' lang='lat' dir='ltr'><strong>qnantum</strong></span> <span class='ocrx_word' id='word_1_74' title='bbox 935 1125 1041 1185; x_wconf 89' lang='lat' dir='ltr'><strong>rerum,</strong></span> <span class='ocrx_word' id='word_1_75' title='bbox 1057 1117 1190 1186; x_wconf 90' lang='lat' dir='ltr'><strong>quantum</strong></span> <span class='ocrx_word' id='word_1_76' title='bbox 1285 1103 1286 1164; x_wconf 65' lang='grc' dir='ltr'>ἶ</span> 
     </span>
     <span class='ocr_line' id='line_1_10' title="bbox 188 1189 1286 1274; baseline -0.007 -17"><span class='ocrx_word' id='word_1_77' title='bbox 188 1193 393 1274; x_wconf 84' lang='lat' dir='ltr'><strong>exemplorum,</strong></span> <span class='ocrx_word' id='word_1_78' title='bbox 410 1204 542 1274; x_wconf 87' lang='lat' dir='ltr'><strong>quantum</strong></span> <span class='ocrx_word' id='word_1_79' title='bbox 554 1195 724 1273; x_wconf 85' lang='lat' dir='ltr'><strong>antiquitatis</strong></span> <span class='ocrx_word' id='word_1_80' title='bbox 735 1192 828 1255; x_wconf 89' lang='lat' dir='ltr'><strong>tenet!</strong></span> <span class='ocrx_word' id='word_1_81' title='bbox 844 1191 920 1252; x_wconf 83' lang='lat' dir='ltr'><strong>Nihil</strong></span> <span class='ocrx_word' id='word_1_82' title='bbox 932 1200 979 1254; x_wconf 90' lang='lat' dir='ltr'><strong>est</strong></span> <span class='ocrx_word' id='word_1_83' title='bbox 989 1190 1065 1271; x_wconf 89' lang='lat' dir='ltr'><strong>quod</strong></span> <span class='ocrx_word' id='word_1_84' title='bbox 1076 1189 1190 1252; x_wconf 90' lang='lat' dir='ltr'><strong>discere</strong></span> <span class='ocrx_word' id='word_1_85' title='bbox 1199 1205 1233 1256; x_wconf 88' lang='lat'><strong>10</strong></span> <span class='ocrx_word' id='word_1_86' title='bbox 1285 1217 1286 1220; x_wconf 38' lang='lat'>¹</span> 
     </span>
    </p>

    <p class='ocr_par' dir='ltr' id='par_1_5' title="bbox 173 1273 1286 1358">
     <span class='ocr_line' id='line_1_11' title="bbox 173 1273 1286 1358; baseline -0.006 -20"><span class='ocrx_word' id='word_1_87' title='bbox 173 1279 280 1357; x_wconf 76' lang='lat' dir='ltr'><strong>uelis,</strong></span> <span class='ocrx_word' id='word_1_88' title='bbox 303 1278 379 1358; x_wconf 92' lang='lat' dir='ltr'><strong>quod</strong></span> <span class='ocrx_word' id='word_1_89' title='bbox 395 1277 445 1339; x_wconf 88' lang='lat' dir='ltr'><strong>ille</strong></span> <span class='ocrx_word' id='word_1_90' title='bbox 460 1279 567 1339; x_wconf 91' lang='lat' dir='ltr'><strong>docere</strong></span> <span class='ocrx_word' id='word_1_91' title='bbox 581 1295 638 1339; x_wconf 94' lang='lat' dir='ltr'><strong>non</strong></span> <span class='ocrx_word' id='word_1_92' title='bbox 653 1280 759 1357; x_wconf 86' lang='lat' dir='ltr'><strong>possit:</strong></span> <span class='ocrx_word' id='word_1_93' title='bbox 786 1275 852 1348; x_wconf 81' lang='lat' dir='ltr'><strong>mihi</strong></span> <span class='ocrx_word' id='word_1_94' title='bbox 873 1285 971 1354; x_wconf 88' lang='lat' dir='ltr'><strong>certe,</strong></span> <span class='ocrx_word' id='word_1_95' title='bbox 994 1276 1125 1353; x_wconf 90' lang='lat' dir='ltr'><strong>quotiens</strong></span> <span class='ocrx_word' id='word_1_96' title='bbox 1140 1273 1190 1333; x_wconf 88' lang='lat' dir='ltr'><strong>ali·</strong></span> <span class='ocrx_word' id='word_1_97' title='bbox 1285 1279 1286 1310; x_wconf 62' lang='lat' dir='ltr'><strong>l</strong></span> 
     </span>
    </p>

    <p class='ocr_par' dir='ltr' id='par_1_6' title="bbox 164 1357 1286 1776">
     <span class='ocr_line' id='line_1_12' title="bbox 164 1357 1286 1442; baseline -0.006 -18"><span class='ocrx_word' id='word_1_98' title='bbox 164 1362 256 1442; x_wconf 81' lang='lat' dir='ltr'><strong>equid</strong></span> <span class='ocrx_word' id='word_1_99' title='bbox 270 1363 393 1423; x_wconf 88' lang='lat' dir='ltr'><strong>abditum</strong></span> <span class='ocrx_word' id='word_1_100' title='bbox 407 1379 530 1441; x_wconf 85' lang='lat' dir='ltr'><strong>quaero,</strong></span> <span class='ocrx_word' id='word_1_101' title='bbox 545 1360 597 1423; x_wconf 91' lang='lat' dir='ltr'><strong>ille</strong></span> <span class='ocrx_word' id='word_1_102' title='bbox 611 1361 760 1424; x_wconf 84' lang='lat' dir='ltr'><strong>thesaurus</strong></span> <span class='ocrx_word' id='word_1_103' title='bbox 776 1371 829 1423; x_wconf 88' lang='lat' dir='ltr'><strong>est.</strong></span> <span class='ocrx_word' id='word_1_104' title='bbox 865 1359 924 1422; x_wconf 86' lang='lat' dir='ltr'><strong>lam</strong></span> <span class='ocrx_word' id='word_1_105' title='bbox 938 1367 1041 1438; x_wconf 89' lang='lat' dir='ltr'><strong>quanta</strong></span> <span class='ocrx_word' id='word_1_106' title='bbox 1054 1359 1191 1419; x_wconf 91' lang='lat' dir='ltr'><strong>sermoni·</strong></span> <span class='ocrx_word' id='word_1_107' title='bbox 1285 1357 1286 1436; x_wconf 54' lang='grc' dir='ltr'><strong><em>ᾗ</em></strong></span> 
     </span>
     <span class='ocr_line' id='line_1_13' title="bbox 187 1439 1286 1525; baseline -0.005 -17"><span class='ocrx_word' id='word_1_108' title='bbox 187 1449 240 1508; x_wconf 91' lang='lat' dir='ltr'><strong>bus</strong></span> <span class='ocrx_word' id='word_1_109' title='bbox 256 1449 318 1507; x_wconf 89' lang='lat' dir='ltr'><strong>eius</strong></span> <span class='ocrx_word' id='word_1_110' title='bbox 334 1446 416 1523; x_wconf 84' lang='lat' dir='ltr'><strong>fides,</strong></span> <span class='ocrx_word' id='word_1_111' title='bbox 434 1456 536 1524; x_wconf 88' lang='lat' dir='ltr'><strong>quanta</strong></span> <span class='ocrx_word' id='word_1_112' title='bbox 550 1447 718 1523; x_wconf 90' lang='lat' dir='ltr'><strong>auctoritas,</strong></span> <span class='ocrx_word' id='word_1_113' title='bbox 740 1463 823 1524; x_wconf 90' lang='lat' dir='ltr'><strong>quam</strong></span> <span class='ocrx_word' id='word_1_114' title='bbox 838 1462 942 1525; x_wconf 86' lang='lat' dir='ltr'><strong>pressa</strong></span> <span class='ocrx_word' id='word_1_115' title='bbox 956 1453 986 1504; x_wconf 94' lang='lat' dir='ltr'><strong>et</strong></span> <span class='ocrx_word' id='word_1_116' title='bbox 1000 1442 1106 1504; x_wconf 88' lang='lat' dir='ltr'><strong>decora</strong></span> <span class='ocrx_word' id='word_1_117' title='bbox 1123 1461 1190 1502; x_wconf 91' lang='lat' dir='ltr'><strong>cun·</strong></span> <span class='ocrx_word' id='word_1_118' title='bbox 1285 1439 1286 1502; x_wconf 83' lang='lat' dir='ltr'><strong>l</strong></span> 
     </span>
     <span class='ocr_line' id='line_1_14' title="bbox 188 1525 1190 1608; baseline -0.006 -17"><span class='ocrx_word' id='word_1_119' title='bbox 188 1529 288 1591; x_wconf 87' lang='lat' dir='ltr'><strong>ctatio!</strong></span> <span class='ocrx_word' id='word_1_120' title='bbox 310 1529 377 1608; x_wconf 93' lang='lat' dir='ltr'><strong>quid</strong></span> <span class='ocrx_word' id='word_1_121' title='bbox 402 1540 447 1590; x_wconf 91' lang='lat' dir='ltr'><strong>est</strong></span> <span class='ocrx_word' id='word_1_122' title='bbox 465 1529 541 1608; x_wconf 95' lang='lat' dir='ltr'><strong>quod</strong></span> <span class='ocrx_word' id='word_1_123' title='bbox 562 1547 618 1589; x_wconf 94' lang='lat' dir='ltr'><strong>non</strong></span> <span class='ocrx_word' id='word_1_124' title='bbox 635 1531 727 1590; x_wconf 84' lang='lat' dir='ltr'><strong>statim</strong></span> <span class='ocrx_word' id='word_1_125' title='bbox 744 1525 835 1590; x_wconf 74' lang='lat' dir='ltr'><strong>sciat?</strong></span> <span class='ocrx_word' id='word_1_126' title='bbox 859 1527 896 1588; x_wconf 87' lang='lat' dir='ltr'><strong>Et</strong></span> <span class='ocrx_word' id='word_1_127' title='bbox 914 1536 1008 1588; x_wconf 88' lang='lat' dir='ltr'><strong>tamen</strong></span> <span class='ocrx_word' id='word_1_128' title='bbox 1021 1525 1190 1606; x_wconf 90' lang='lat' dir='ltr'><strong>plerumque</strong></span> 
     </span>
     <span class='ocr_line' id='line_1_15' title="bbox 187 1611 1286 1708; baseline -0.005 -34"><span class='ocrx_word' id='word_1_129' title='bbox 187 1613 323 1691; x_wconf 85' lang='lat' dir='ltr'><strong>haesitat,</strong></span> <span class='ocrx_word' id='word_1_130' title='bbox 339 1612 447 1674; x_wconf 86' lang='lat' dir='ltr'><strong>dubitat</strong></span> <span class='ocrx_word' id='word_1_131' title='bbox 462 1613 624 1674; x_wconf 87' lang='lat' dir='ltr'><strong>diversitate</strong></span> <span class='ocrx_word' id='word_1_132' title='bbox 639 1615 794 1690; x_wconf 90' lang='lat' dir='ltr'><strong>rationum,</strong></span> <span class='ocrx_word' id='word_1_133' title='bbox 810 1629 881 1690; x_wconf 88' lang='lat' dir='ltr'><strong>quas</strong></span> <span class='ocrx_word' id='word_1_134' title='bbox 895 1613 953 1673; x_wconf 88' lang='lat' dir='ltr'><strong>acri</strong></span> <span class='ocrx_word' id='word_1_135' title='bbox 972 1627 1133 1689; x_wconf 85' lang='lat' dir='ltr'><strong>magnoque</strong></span> <span class='ocrx_word' id='word_1_136' title='bbox 1149 1611 1233 1669; x_wconf 74' lang='grc' dir='ltr'>ιιι-15</span> <span class='ocrx_word' id='word_1_137' title='bbox 1285 1651 1286 1708; x_wconf 51' lang='lat' dir='ltr'><strong>q</strong></span> 
     </span>
     <span class='ocr_line' id='line_1_16' title="bbox 189 1692 1189 1776; baseline -0.003 -20"><span class='ocrx_word' id='word_1_138' title='bbox 189 1697 263 1758; x_wconf 92' lang='lat' dir='ltr'><strong>dicio</strong></span> <span class='ocrx_word' id='word_1_139' title='bbox 278 1699 313 1757; x_wconf 87' lang='lat' dir='ltr'><strong>ab</strong></span> <span class='ocrx_word' id='word_1_140' title='bbox 332 1699 441 1774; x_wconf 88' lang='lat' dir='ltr'><strong>origine</strong></span> <span class='ocrx_word' id='word_1_141' title='bbox 458 1699 609 1776; x_wconf 84' lang='lat' dir='ltr'><strong>causisque</strong></span> <span class='ocrx_word' id='word_1_142' title='bbox 623 1697 720 1776; x_wconf 92' lang='lat' dir='ltr'><strong>primis</strong></span> <span class='ocrx_word' id='word_1_143' title='bbox 735 1699 855 1775; x_wconf 89' lang='lat' dir='ltr'><strong>repetit,</strong></span> <span class='ocrx_word' id='word_1_144' title='bbox 872 1695 1024 1773; x_wconf 90' lang='lat' dir='ltr'><strong>discernit,</strong></span> <span class='ocrx_word' id='word_1_145' title='bbox 1045 1692 1189 1774; x_wconf 84' lang='lat' dir='ltr'><strong>expendit.</strong></span> 
     </span>
    </p>

    <p class='ocr_par' dir='ltr' id='par_1_7' title="bbox 71 1775 1192 1944">
     <span class='ocr_line' id='line_1_17' title="bbox 71 1775 1191 1860; baseline -0.004 -17"><span class='ocrx_word' id='word_1_146' title='bbox 71 1839 73 1843; x_wconf 81' lang='grc'>,</span> <span class='ocrx_word' id='word_1_147' title='bbox 162 1781 231 1843; x_wconf 84' lang='lat' dir='ltr'><strong>4Ad</strong></span> <span class='ocrx_word' id='word_1_148' title='bbox 245 1781 302 1842; x_wconf 93' lang='lat' dir='ltr'><strong>hoc</strong></span> <span class='ocrx_word' id='word_1_149' title='bbox 322 1799 405 1860; x_wconf 87' lang='lat' dir='ltr'><strong>quam</strong></span> <span class='ocrx_word' id='word_1_150' title='bbox 421 1799 525 1860; x_wconf 88' lang='lat' dir='ltr'><strong>parcus</strong></span> <span class='ocrx_word' id='word_1_151' title='bbox 541 1783 571 1841; x_wconf 95' lang='lat' dir='ltr'><strong>in</strong></span> <span class='ocrx_word' id='word_1_152' title='bbox 583 1783 676 1858; x_wconf 88' lang='lat' dir='ltr'><strong>victu,</strong></span> <span class='ocrx_word' id='word_1_153' title='bbox 701 1798 783 1859; x_wconf 92' lang='lat' dir='ltr'><strong>quam</strong></span> <span class='ocrx_word' id='word_1_154' title='bbox 803 1775 932 1842; x_wconf 87' lang='lat' dir='ltr'><strong>modicus</strong></span> <span class='ocrx_word' id='word_1_155' title='bbox 947 1781 977 1839; x_wconf 91' lang='lat' dir='ltr'><strong>in</strong></span> <span class='ocrx_word' id='word_1_156' title='bbox 991 1776 1082 1840; x_wconf 88' lang='lat' dir='ltr'><strong>cultu!</strong></span> <span class='ocrx_word' id='word_1_157' title='bbox 1102 1776 1191 1839; x_wconf 90' lang='lat' dir='ltr'><strong>Soleo</strong></span> 
     </span>
     <span class='ocr_line' id='line_1_18' title="bbox 188 1861 1192 1944; baseline -0.002 -20"><span class='ocrx_word' id='word_1_158' title='bbox 188 1867 281 1942; x_wconf 89' lang='lat' dir='ltr'><strong>ipsum</strong></span> <span class='ocrx_word' id='word_1_159' title='bbox 297 1863 458 1924; x_wconf 81' lang='lat' dir='ltr'><strong>cubiculum</strong></span> <span class='ocrx_word' id='word_1_160' title='bbox 473 1865 535 1926; x_wconf 89' lang='lat' dir='ltr'><strong>eius</strong></span> <span class='ocrx_word' id='word_1_161' title='bbox 549 1867 699 1944; x_wconf 90' lang='lat' dir='ltr'><strong>ipsumque</strong></span> <span class='ocrx_word' id='word_1_162' title='bbox 719 1864 826 1926; x_wconf 84' lang='lat' dir='ltr'><strong>lectam</strong></span> <span class='ocrx_word' id='word_1_163' title='bbox 839 1873 870 1924; x_wconf 89' lang='lat' dir='ltr'><strong>ut</strong></span> <span class='ocrx_word' id='word_1_164' title='bbox 886 1865 1037 1942; x_wconf 80' lang='lat' dir='ltr'><strong>imaginem</strong></span> <span class='ocrx_word' id='word_1_165' title='bbox 1054 1861 1192 1943; x_wconf 88' lang='lat' dir='ltr'><strong>quandam</strong></span> 
     </span>
    </p>

    <p class='ocr_par' dir='ltr' id='par_1_8' title="bbox 161 1947 1248 2111">
     <span class='ocr_line' id='line_1_19' title="bbox 161 1947 1248 2028; baseline -0.006 -18"><span class='ocrx_word' id='word_1_166' title='bbox 161 1950 300 2027; x_wconf 75' lang='lat' dir='ltr'><strong>oprisoae</strong></span> <span class='ocrx_word' id='word_1_167' title='bbox 312 1947 479 2026; x_wconf 81' lang='lat' dir='ltr'><strong>frugalitatis</strong></span> <span class='ocrx_word' id='word_1_168' title='bbox 491 1950 632 2028; x_wconf 88' lang='lat' dir='ltr'><strong>aspicere.</strong></span> <span class='ocrx_word' id='word_1_169' title='bbox 653 1948 739 2009; x_wconf 87' lang='lat' dir='ltr'><strong>Ornat</strong></span> <span class='ocrx_word' id='word_1_170' title='bbox 749 1948 822 2009; x_wconf 89' lang='lat' dir='ltr'><strong>baec</strong></span> <span class='ocrx_word' id='word_1_171' title='bbox 834 1947 996 2025; x_wconf 86' lang='lat' dir='ltr'><strong>magnitudo</strong></span> <span class='ocrx_word' id='word_1_172' title='bbox 1008 1947 1101 2023; x_wconf 78' lang='lat' dir='ltr'><strong>ammi,</strong></span> <span class='ocrx_word' id='word_1_173' title='bbox 1118 1963 1191 2024; x_wconf 88' lang='lat' dir='ltr'><strong>quae</strong></span> <span class='ocrx_word' id='word_1_174' title='bbox 1226 1955 1248 1987; x_wconf 57' lang='grc' dir='ltr'><em>ν</em></span> 
     </span>
     <span class='ocr_line' id='line_1_20' title="bbox 186 2031 1238 2111; baseline 0.002 -19"><span class='ocrx_word' id='word_1_175' title='bbox 186 2031 254 2092; x_wconf 91' lang='lat' dir='ltr'><strong>nibil</strong></span> <span class='ocrx_word' id='word_1_176' title='bbox 269 2031 304 2091; x_wconf 85' lang='lat' dir='ltr'><strong>ad</strong></span> <span class='ocrx_word' id='word_1_177' title='bbox 319 2034 555 2111; x_wconf 83' lang='lat' dir='ltr'><strong>ostentationem,</strong></span> <span class='ocrx_word' id='word_1_178' title='bbox 571 2034 663 2093; x_wconf 88' lang='lat' dir='ltr'><strong>omnia</strong></span> <span class='ocrx_word' id='word_1_179' title='bbox 677 2032 712 2092; x_wconf 86' lang='lat' dir='ltr'><strong>ad</strong></span> <span class='ocrx_word' id='word_1_180' title='bbox 729 2033 933 2094; x_wconf 89' lang='lat' dir='ltr'><strong>conscientiam</strong></span> <span class='ocrx_word' id='word_1_181' title='bbox 946 2031 1036 2092; x_wconf 86' lang='lat' dir='ltr'><strong>refert</strong></span> <span class='ocrx_word' id='word_1_182' title='bbox 1051 2038 1238 2108; x_wconf 79' lang='lat' dir='ltr'><strong>recteqneno</strong></span> 
     </span>
    </p>

    <p class='ocr_par' dir='ltr' id='par_1_9' title="bbox 162 2111 1239 2531">
     <span class='ocr_line' id='line_1_21' title="bbox 162 2111 1194 2197; baseline -0.007 -18"><span class='ocrx_word' id='word_1_183' title='bbox 162 2115 255 2179; x_wconf 80' lang='lat' dir='ltr'><strong>oiaoti</strong></span> <span class='ocrx_word' id='word_1_184' title='bbox 268 2133 326 2177; x_wconf 93' lang='lat' dir='ltr'><strong>non</strong></span> <span class='ocrx_word' id='word_1_185' title='bbox 340 2135 378 2176; x_wconf 92' lang='lat' dir='ltr'><strong>ex</strong></span> <span class='ocrx_word' id='word_1_186' title='bbox 391 2116 491 2197; x_wconf 86' lang='lat' dir='ltr'><strong>poprdi</strong></span> <span class='ocrx_word' id='word_1_187' title='bbox 505 2134 637 2178; x_wconf 90' lang='lat' dir='ltr'><strong>sermone</strong></span> <span class='ocrx_word' id='word_1_188' title='bbox 652 2116 815 2192; x_wconf 82' lang='lat' dir='ltr'><strong>mercedem</strong></span> <span class='ocrx_word' id='word_1_189' title='bbox 830 2115 883 2176; x_wconf 92' lang='lat' dir='ltr'><strong>sed</strong></span> <span class='ocrx_word' id='word_1_190' title='bbox 898 2133 935 2176; x_wconf 86' lang='lat' dir='ltr'><strong>ex</strong></span> <span class='ocrx_word' id='word_1_191' title='bbox 950 2115 1029 2176; x_wconf 85' lang='lat' dir='ltr'><strong>facto</strong></span> <span class='ocrx_word' id='word_1_192' title='bbox 1039 2114 1129 2193; x_wconf 92' lang='lat' dir='ltr'><strong>petit.</strong></span> <span class='ocrx_word' id='word_1_193' title='bbox 1160 2111 1194 2172; x_wconf 93' lang='lat' dir='ltr'><strong>ln</strong></span> 
     </span>
     <span class='ocr_line' id='line_1_22' title="bbox 186 2195 1194 2280; baseline -0.005 -19"><span class='ocrx_word' id='word_1_194' title='bbox 186 2218 295 2261; x_wconf 88' lang='lat' dir='ltr'><strong>summa</strong></span> <span class='ocrx_word' id='word_1_195' title='bbox 314 2218 371 2261; x_wconf 94' lang='lat' dir='ltr'><strong>non</strong></span> <span class='ocrx_word' id='word_1_196' title='bbox 390 2200 477 2261; x_wconf 86' lang='lat' dir='ltr'><strong>facile</strong></span> <span class='ocrx_word' id='word_1_197' title='bbox 492 2219 660 2280; x_wconf 77' lang='lat' dir='ltr'><strong>quemquam</strong></span> <span class='ocrx_word' id='word_1_198' title='bbox 679 2220 717 2262; x_wconf 82' lang='lat' dir='ltr'><strong>ex</strong></span> <span class='ocrx_word' id='word_1_199' title='bbox 737 2202 800 2262; x_wconf 87' lang='lat' dir='ltr'><strong>istis</strong></span> <span class='ocrx_word' id='word_1_200' title='bbox 824 2201 871 2278; x_wconf 93' lang='lat' dir='ltr'><strong>qui</strong></span> <span class='ocrx_word' id='word_1_201' title='bbox 891 2200 1047 2279; x_wconf 87' lang='lat' dir='ltr'><strong>sapientiae</strong></span> <span class='ocrx_word' id='word_1_202' title='bbox 1069 2195 1194 2258; x_wconf 91' lang='lat' dir='ltr'><strong>studium</strong></span> 
     </span>
     <span class='ocr_line' id='line_1_23' title="bbox 185 2279 1194 2364; baseline -0.005 -21"><span class='ocrx_word' id='word_1_203' title='bbox 185 2282 282 2343; x_wconf 85' lang='lat' dir='ltr'><strong>babitu</strong></span> <span class='ocrx_word' id='word_1_204' title='bbox 297 2285 426 2362; x_wconf 89' lang='lat' dir='ltr'><strong>corporis</strong></span> <span class='ocrx_word' id='word_1_205' title='bbox 441 2285 606 2364; x_wconf 86' lang='lat' dir='ltr'><strong>praeierunt</strong></span> <span class='ocrx_word' id='word_1_206' title='bbox 620 2284 686 2345; x_wconf 85' lang='lat' dir='ltr'><strong>huic</strong></span> <span class='ocrx_word' id='word_1_207' title='bbox 700 2286 762 2344; x_wconf 89' lang='lat' dir='ltr'><strong>riro</strong></span> <span class='ocrx_word' id='word_1_208' title='bbox 777 2283 966 2363; x_wconf 86' lang='lat' dir='ltr'><strong>comparabis.</strong></span> <span class='ocrx_word' id='word_1_209' title='bbox 998 2281 1062 2342; x_wconf 88' lang='lat' dir='ltr'><strong>Non</strong></span> <span class='ocrx_word' id='word_1_210' title='bbox 1079 2279 1194 2358; x_wconf 91' lang='lat' dir='ltr'><strong>quidem</strong></span> 
     </span>
     <span class='ocr_line' id='line_1_24' title="bbox 186 2362 1194 2448; baseline -0.002 -22"><span class='ocrx_word' id='word_1_211' title='bbox 186 2367 333 2444; x_wconf 76' lang='lat' dir='ltr'><strong>gymnasia</strong></span> <span class='ocrx_word' id='word_1_212' title='bbox 346 2376 473 2428; x_wconf 87' lang='lat' dir='ltr'><strong>sectatur</strong></span> <span class='ocrx_word' id='word_1_213' title='bbox 487 2377 534 2428; x_wconf 90' lang='lat' dir='ltr'><strong>aut</strong></span> <span class='ocrx_word' id='word_1_214' title='bbox 548 2370 677 2448; x_wconf 91' lang='lat' dir='ltr'><strong>porticus</strong></span> <span class='ocrx_word' id='word_1_215' title='bbox 692 2386 748 2430; x_wconf 90' lang='lat' dir='ltr'><strong>neo</strong></span> <span class='ocrx_word' id='word_1_216' title='bbox 763 2366 998 2447; x_wconf 87' lang='lat' dir='ltr'><strong>disputationibus</strong></span> <span class='ocrx_word' id='word_1_217' title='bbox 1013 2365 1108 2442; x_wconf 84' lang='lat' dir='ltr'><strong>longis</strong></span> <span class='ocrx_word' id='word_1_218' title='bbox 1121 2362 1194 2426; x_wconf 91' lang='lat' dir='ltr'><strong>alio·</strong></span> 
     </span>
     <span class='ocr_line' id='line_1_25' title="bbox 185 2450 1239 2531; baseline -0.001 -23"><span class='ocrx_word' id='word_1_219' title='bbox 185 2468 246 2509; x_wconf 90' lang='lat' dir='ltr'><strong>rum</strong></span> <span class='ocrx_word' id='word_1_220' title='bbox 260 2450 348 2509; x_wconf 90' lang='lat' dir='ltr'><strong>otium</strong></span> <span class='ocrx_word' id='word_1_221' title='bbox 363 2469 502 2530; x_wconf 91' lang='lat' dir='ltr'><strong>suumque</strong></span> <span class='ocrx_word' id='word_1_222' title='bbox 516 2450 652 2531; x_wconf 87' lang='lat' dir='ltr'><strong>delectat,</strong></span> <span class='ocrx_word' id='word_1_223' title='bbox 669 2451 722 2513; x_wconf 92' lang='lat' dir='ltr'><strong>sed</strong></span> <span class='ocrx_word' id='word_1_224' title='bbox 735 2452 764 2511; x_wconf 92' lang='lat' dir='ltr'><strong>in</strong></span> <span class='ocrx_word' id='word_1_225' title='bbox 777 2460 845 2531; x_wconf 83' lang='lat' dir='ltr'><strong>toga</strong></span> <span class='ocrx_word' id='word_1_226' title='bbox 857 2452 1039 2529; x_wconf 85' lang='lat' dir='ltr'><strong>negotiisque</strong></span> <span class='ocrx_word' id='word_1_227' title='bbox 1051 2456 1193 2525; x_wconf 86' lang='lat' dir='ltr'><strong>versatur,</strong></span> <span class='ocrx_word' id='word_1_228' title='bbox 1202 2455 1239 2508; x_wconf 75' lang='lat'><strong>25</strong></span> 
     </span>
    </p>

    <p class='ocr_par' dir='ltr' id='par_1_10' title="bbox 164 2533 1196 2867">
     <span class='ocr_line' id='line_1_26' title="bbox 164 2533 1196 2616; baseline -0.006 -19"><span class='ocrx_word' id='word_1_229' title='bbox 164 2533 292 2597; x_wconf 84' lang='lat' dir='ltr'><strong>rmutros</strong></span> <span class='ocrx_word' id='word_1_230' title='bbox 307 2534 510 2614; x_wconf 86' lang='lat' dir='ltr'><strong>advocatione,</strong></span> <span class='ocrx_word' id='word_1_231' title='bbox 528 2535 627 2616; x_wconf 90' lang='lat' dir='ltr'><strong>plures</strong></span> <span class='ocrx_word' id='word_1_232' title='bbox 640 2534 759 2598; x_wconf 89' lang='lat' dir='ltr'><strong>oonsilio</strong></span> <span class='ocrx_word' id='word_1_233' title='bbox 774 2538 860 2596; x_wconf 81' lang='lat' dir='ltr'><strong>iuvat.</strong></span> <span class='ocrx_word' id='word_1_234' title='bbox 889 2533 1000 2596; x_wconf 89' lang='lat' dir='ltr'><strong>Nemini</strong></span> <span class='ocrx_word' id='word_1_235' title='bbox 1015 2543 1108 2594; x_wconf 91' lang='lat' dir='ltr'><strong>tamen</strong></span> <span class='ocrx_word' id='word_1_236' title='bbox 1122 2533 1196 2592; x_wconf 92' lang='lat' dir='ltr'><strong>isto·</strong></span> 
     </span>
     <span class='ocr_line' id='line_1_27' title="bbox 185 2615 1195 2698; baseline 0.001 -22"><span class='ocrx_word' id='word_1_237' title='bbox 185 2637 246 2677; x_wconf 89' lang='lat' dir='ltr'><strong>mm</strong></span> <span class='ocrx_word' id='word_1_238' title='bbox 258 2619 400 2696; x_wconf 87' lang='lat' dir='ltr'><strong>castitate,</strong></span> <span class='ocrx_word' id='word_1_239' title='bbox 416 2622 535 2698; x_wconf 88' lang='lat' dir='ltr'><strong>pietate,</strong></span> <span class='ocrx_word' id='word_1_240' title='bbox 547 2622 661 2696; x_wconf 88' lang='lat' dir='ltr'><strong>iustitia,</strong></span> <span class='ocrx_word' id='word_1_241' title='bbox 673 2620 837 2680; x_wconf 82' lang='lat' dir='ltr'><strong>fortitudine</strong></span> <span class='ocrx_word' id='word_1_242' title='bbox 848 2620 933 2678; x_wconf 86' lang='lat' dir='ltr'><strong>etiam</strong></span> <span class='ocrx_word' id='word_1_243' title='bbox 943 2620 1034 2698; x_wconf 90' lang='lat' dir='ltr'><strong>primo</strong></span> <span class='ocrx_word' id='word_1_244' title='bbox 1045 2615 1113 2677; x_wconf 91' lang='lat' dir='ltr'><strong>loco</strong></span> <span class='ocrx_word' id='word_1_245' title='bbox 1128 2634 1195 2677; x_wconf 89' lang='lat' dir='ltr'><strong>ces·</strong></span> 
     </span>
     <span class='ocr_line' id='line_1_28' title="bbox 186 2697 1195 2783; baseline -0.007 -18"><span class='ocrx_word' id='word_1_246' title='bbox 186 2704 264 2765; x_wconf 89' lang='lat' dir='ltr'><strong>serit.</strong></span> <span class='ocrx_word' id='word_1_247' title='bbox 287 2700 441 2783; x_wconf 84' lang='lat' dir='ltr'><strong>Mirareris,</strong></span> <span class='ocrx_word' id='word_1_248' title='bbox 456 2705 480 2765; x_wconf 92' lang='lat' dir='ltr'><strong>si</strong></span> <span class='ocrx_word' id='word_1_249' title='bbox 492 2706 662 2782; x_wconf 91' lang='lat' dir='ltr'><strong>interesses,</strong></span> <span class='ocrx_word' id='word_1_250' title='bbox 679 2723 734 2783; x_wconf 87' lang='lat' dir='ltr'><strong>qua</strong></span> <span class='ocrx_word' id='word_1_251' title='bbox 747 2704 882 2783; x_wconf 90' lang='lat' dir='ltr'><strong>patientia</strong></span> <span class='ocrx_word' id='word_1_252' title='bbox 900 2702 972 2762; x_wconf 89' lang='lat' dir='ltr'><strong>banc</strong></span> <span class='ocrx_word' id='word_1_253' title='bbox 985 2703 1077 2781; x_wconf 90' lang='lat' dir='ltr'><strong>ipsam</strong></span> <span class='ocrx_word' id='word_1_254' title='bbox 1091 2697 1195 2759; x_wconf 84' lang='lat' dir='ltr'><strong>valitu-</strong></span> 
     </span>
     <span class='ocr_line' id='line_1_29' title="bbox 186 2782 1196 2867; baseline -0.007 -18"><span class='ocrx_word' id='word_1_255' title='bbox 186 2787 280 2849; x_wconf 88' lang='lat' dir='ltr'><strong>dinem</strong></span> <span class='ocrx_word' id='word_1_256' title='bbox 296 2785 412 2866; x_wconf 91' lang='lat' dir='ltr'><strong>toleret,</strong></span> <span class='ocrx_word' id='word_1_257' title='bbox 428 2798 459 2849; x_wconf 92' lang='lat' dir='ltr'><strong>ut</strong></span> <span class='ocrx_word' id='word_1_258' title='bbox 474 2787 566 2849; x_wconf 93' lang='lat' dir='ltr'><strong>dolori</strong></span> <span class='ocrx_word' id='word_1_259' title='bbox 580 2789 704 2867; x_wconf 82' lang='lat' dir='ltr'><strong>resistat,</strong></span> <span class='ocrx_word' id='word_1_260' title='bbox 719 2797 749 2848; x_wconf 92' lang='lat' dir='ltr'><strong>ut</strong></span> <span class='ocrx_word' id='word_1_261' title='bbox 763 2788 838 2848; x_wconf 89' lang='lat' dir='ltr'><strong>sitim</strong></span> <span class='ocrx_word' id='word_1_262' title='bbox 854 2785 976 2864; x_wconf 80' lang='lat' dir='ltr'><strong>differat,</strong></span> <span class='ocrx_word' id='word_1_263' title='bbox 993 2794 1025 2845; x_wconf 93' lang='lat' dir='ltr'><strong>ut</strong></span> <span class='ocrx_word' id='word_1_264' title='bbox 1038 2782 1196 2844; x_wconf 91' lang='lat' dir='ltr'><strong>incredibi-</strong></span> 
     </span>
    </p>

    <p class='ocr_par' dir='ltr' id='par_1_11' title="bbox 162 2865 1243 3202">
     <span class='ocr_line' id='line_1_30' title="bbox 162 2865 1243 2951; baseline -0.001 -18"><span class='ocrx_word' id='word_1_265' title='bbox 162 2870 243 2933; x_wconf 73' lang='lat' dir='ltr'><strong>Slem</strong></span> <span class='ocrx_word' id='word_1_266' title='bbox 262 2869 383 2931; x_wconf 87' lang='lat' dir='ltr'><strong>febrium</strong></span> <span class='ocrx_word' id='word_1_267' title='bbox 403 2871 533 2932; x_wconf 88' lang='lat' dir='ltr'><strong>ardorem</strong></span> <span class='ocrx_word' id='word_1_268' title='bbox 553 2874 675 2932; x_wconf 88' lang='lat' dir='ltr'><strong>inmotus</strong></span> <span class='ocrx_word' id='word_1_269' title='bbox 696 2881 872 2951; x_wconf 90' lang='lat' dir='ltr'><strong>opertusque</strong></span> <span class='ocrx_word' id='word_1_270' title='bbox 886 2871 1064 2930; x_wconf 82' lang='lat' dir='ltr'><strong>transmittat.</strong></span> <span class='ocrx_word' id='word_1_271' title='bbox 1091 2865 1243 2946; x_wconf 79' lang='lat' dir='ltr'><strong>Nuperso</strong></span> 
     </span>
     <span class='ocr_line' id='line_1_31' title="bbox 185 2952 1197 3034; baseline -0.001 -21"><span class='ocrx_word' id='word_1_272' title='bbox 185 2973 231 3013; x_wconf 88' lang='lat' dir='ltr'><strong>me</strong></span> <span class='ocrx_word' id='word_1_273' title='bbox 246 2971 412 3032; x_wconf 85' lang='lat' dir='ltr'><strong>paucosque</strong></span> <span class='ocrx_word' id='word_1_274' title='bbox 432 2973 544 3015; x_wconf 91' lang='lat' dir='ltr'><strong>meeum</strong></span> <span class='ocrx_word' id='word_1_275' title='bbox 564 2973 637 3034; x_wconf 91' lang='lat' dir='ltr'><strong>quos</strong></span> <span class='ocrx_word' id='word_1_276' title='bbox 657 2957 777 3016; x_wconf 84' lang='lat' dir='ltr'><strong>maxime</strong></span> <span class='ocrx_word' id='word_1_277' title='bbox 798 2953 889 3033; x_wconf 79' lang='lat' dir='ltr'><strong>diligit</strong></span> <span class='ocrx_word' id='word_1_278' title='bbox 902 2953 1053 3014; x_wconf 86' lang='lat' dir='ltr'><strong>advocavit</strong></span> <span class='ocrx_word' id='word_1_279' title='bbox 1067 2952 1197 3030; x_wconf 80' lang='lat' dir='ltr'><strong>rogarit·</strong></span> 
     </span>
     <span class='ocr_line' id='line_1_32' title="bbox 187 3036 1196 3117; baseline -0.003 -20"><span class='ocrx_word' id='word_1_280' title='bbox 187 3056 243 3117; x_wconf 88' lang='lat' dir='ltr'><strong>quc</strong></span> <span class='ocrx_word' id='word_1_281' title='bbox 257 3047 287 3098; x_wconf 92' lang='lat' dir='ltr'><strong>ut</strong></span> <span class='ocrx_word' id='word_1_282' title='bbox 300 3036 429 3098; x_wconf 91' lang='lat' dir='ltr'><strong>medicos</strong></span> <span class='ocrx_word' id='word_1_283' title='bbox 444 3037 661 3100; x_wconf 89' lang='lat' dir='ltr'><strong>consuleremus</strong></span> <span class='ocrx_word' id='word_1_284' title='bbox 676 3038 712 3100; x_wconf 89' lang='lat' dir='ltr'><strong>de</strong></span> <span class='ocrx_word' id='word_1_285' title='bbox 728 3057 833 3101; x_wconf 83' lang='lat' dir='ltr'><strong>sunrma</strong></span> <span class='ocrx_word' id='word_1_286' title='bbox 847 3037 1025 3114; x_wconf 85' lang='lat' dir='ltr'><strong>valitudinis,</strong></span> <span class='ocrx_word' id='word_1_287' title='bbox 1042 3045 1089 3113; x_wconf 91' lang='lat' dir='ltr'><strong>ut,</strong></span> <span class='ocrx_word' id='word_1_288' title='bbox 1106 3037 1130 3096; x_wconf 94' lang='lat' dir='ltr'><strong>si</strong></span> <span class='ocrx_word' id='word_1_289' title='bbox 1146 3053 1196 3095; x_wconf 89' lang='lat' dir='ltr'><strong>es-</strong></span> 
     </span>
     <span class='ocr_line' id='line_1_33' title="bbox 186 3117 1197 3202; baseline -0.004 -19"><span class='ocrx_word' id='word_1_290' title='bbox 186 3131 233 3183; x_wconf 92' lang='lat' dir='ltr'><strong>set</strong></span> <span class='ocrx_word' id='word_1_291' title='bbox 249 3120 468 3199; x_wconf 86' lang='lat' dir='ltr'><strong>insuperabilis,</strong></span> <span class='ocrx_word' id='word_1_292' title='bbox 491 3133 594 3202; x_wconf 90' lang='lat' dir='ltr'><strong>sponte</strong></span> <span class='ocrx_word' id='word_1_293' title='bbox 608 3125 700 3184; x_wconf 76' lang='lat' dir='ltr'><strong>exiret</strong></span> <span class='ocrx_word' id='word_1_294' title='bbox 721 3123 830 3199; x_wconf 88' lang='lat' dir='ltr'><strong>evita,</strong></span> <span class='ocrx_word' id='word_1_295' title='bbox 847 3123 872 3183; x_wconf 90' lang='lat' dir='ltr'><strong>si</strong></span> <span class='ocrx_word' id='word_1_296' title='bbox 894 3131 1000 3184; x_wconf 89' lang='lat' dir='ltr'><strong>tanturn</strong></span> <span class='ocrx_word' id='word_1_297' title='bbox 1019 3117 1143 3179; x_wconf 85' lang='lat' dir='ltr'><strong>difficilis</strong></span> <span class='ocrx_word' id='word_1_298' title='bbox 1164 3129 1197 3180; x_wconf 89' lang='lat' dir='ltr'><strong>et</strong></span> 
     </span>
    </p>

    <p class='ocr_par' dir='ltr' id='par_1_12' title="bbox 163 3204 1242 3451">
     <span class='ocr_line' id='line_1_34' title="bbox 163 3204 1195 3285; baseline -0.004 -17"><span class='ocrx_word' id='word_1_299' title='bbox 163 3204 289 3283; x_wconf 68' lang='lat' dir='ltr'><strong>elonga,</strong></span> <span class='ocrx_word' id='word_1_300' title='bbox 311 3206 461 3265; x_wconf 89' lang='lat' dir='ltr'><strong>resisteret</strong></span> <span class='ocrx_word' id='word_1_301' title='bbox 479 3216 679 3285; x_wconf 88' lang='lat' dir='ltr'><strong>maneretque:</strong></span> <span class='ocrx_word' id='word_1_302' title='bbox 700 3206 820 3267; x_wconf 88' lang='lat' dir='ltr'><strong>dandum</strong></span> <span class='ocrx_word' id='word_1_303' title='bbox 841 3207 915 3266; x_wconf 92' lang='lat' dir='ltr'><strong>enim</strong></span> <span class='ocrx_word' id='word_1_304' title='bbox 930 3205 1066 3285; x_wconf 91' lang='lat' dir='ltr'><strong>precibus</strong></span> <span class='ocrx_word' id='word_1_305' title='bbox 1081 3205 1195 3280; x_wconf 87' lang='lat' dir='ltr'><strong>uxoris,</strong></span> 
     </span>
     <span class='ocr_line' id='line_1_35' title="bbox 186 3287 1242 3369; baseline -0.002 -21"><span class='ocrx_word' id='word_1_306' title='bbox 186 3288 305 3349; x_wconf 89' lang='lat' dir='ltr'><strong>dandum</strong></span> <span class='ocrx_word' id='word_1_307' title='bbox 320 3287 394 3349; x_wconf 87' lang='lat' dir='ltr'><strong>filiae</strong></span> <span class='ocrx_word' id='word_1_308' title='bbox 408 3288 543 3369; x_wconf 89' lang='lat' dir='ltr'><strong>lacrimis,</strong></span> <span class='ocrx_word' id='word_1_309' title='bbox 559 3290 678 3351; x_wconf 90' lang='lat' dir='ltr'><strong>dandum</strong></span> <span class='ocrx_word' id='word_1_310' title='bbox 690 3293 774 3354; x_wconf 85' lang='lat' dir='ltr'><strong>etiam</strong></span> <span class='ocrx_word' id='word_1_311' title='bbox 788 3290 871 3350; x_wconf 92' lang='lat' dir='ltr'><strong>nobis</strong></span> <span class='ocrx_word' id='word_1_312' title='bbox 886 3291 985 3352; x_wconf 89' lang='lat' dir='ltr'><strong>amieis</strong></span> <span class='ocrx_word' id='word_1_313' title='bbox 998 3305 1034 3348; x_wconf 93' lang='lat' dir='ltr'><strong>ne</strong></span> <span class='ocrx_word' id='word_1_314' title='bbox 1052 3305 1121 3365; x_wconf 92' lang='lat' dir='ltr'><strong>spes</strong></span> <span class='ocrx_word' id='word_1_315' title='bbox 1140 3303 1195 3346; x_wconf 94' lang='lat' dir='ltr'><strong>no·</strong></span> <span class='ocrx_word' id='word_1_316' title='bbox 1205 3291 1242 3346; x_wconf 77' lang='lat'><strong>35</strong></span> 
     </span>
     <span class='ocr_line' id='line_1_36' title="bbox 186 3370 1194 3451; baseline -0.003 -18"><span class='ocrx_word' id='word_1_317' title='bbox 186 3383 276 3449; x_wconf 88' lang='lat' dir='ltr'><strong>stras,</strong></span> <span class='ocrx_word' id='word_1_318' title='bbox 299 3371 422 3434; x_wconf 92' lang='lat' dir='ltr'><strong>simodo</strong></span> <span class='ocrx_word' id='word_1_319' title='bbox 439 3391 497 3433; x_wconf 93' lang='lat' dir='ltr'><strong>non</strong></span> <span class='ocrx_word' id='word_1_320' title='bbox 512 3385 611 3436; x_wconf 90' lang='lat' dir='ltr'><strong>essent</strong></span> <span class='ocrx_word' id='word_1_321' title='bbox 624 3377 738 3451; x_wconf 89' lang='lat' dir='ltr'><strong>inanes,</strong></span> <span class='ocrx_word' id='word_1_322' title='bbox 754 3374 912 3435; x_wconf 85' lang='lat' dir='ltr'><strong>voluntaria</strong></span> <span class='ocrx_word' id='word_1_323' title='bbox 926 3383 1018 3434; x_wconf 91' lang='lat' dir='ltr'><strong>morte</strong></span> <span class='ocrx_word' id='word_1_324' title='bbox 1030 3370 1194 3433; x_wconf 87' lang='lat' dir='ltr'><strong>desereret.</strong></span> 
     </span>
    </p>

    <p class='ocr_par' dir='ltr' id='par_1_13' title="bbox 145 3453 1196 3621">
     <span class='ocr_line' id='line_1_37' title="bbox 145 3453 1196 3538; baseline -0.003 -20"><span class='ocrx_word' id='word_1_325' title='bbox 145 3468 177 3518; x_wconf 88' lang='lat'><strong>10</strong></span> <span class='ocrx_word' id='word_1_326' title='bbox 186 3455 218 3516; x_wconf 97' lang='lat' dir='ltr'><strong>ld</strong></span> <span class='ocrx_word' id='word_1_327' title='bbox 230 3473 287 3532; x_wconf 81' lang='lat' dir='ltr'><strong>ego</strong></span> <span class='ocrx_word' id='word_1_328' title='bbox 302 3453 417 3517; x_wconf 86' lang='lat' dir='ltr'><strong>arduum</strong></span> <span class='ocrx_word' id='word_1_329' title='bbox 428 3459 456 3517; x_wconf 95' lang='lat' dir='ltr'><strong>in</strong></span> <span class='ocrx_word' id='word_1_330' title='bbox 470 3459 568 3537; x_wconf 91' lang='lat' dir='ltr'><strong>primis</strong></span> <span class='ocrx_word' id='word_1_331' title='bbox 583 3468 612 3519; x_wconf 91' lang='lat' dir='ltr'><strong>ct</strong></span> <span class='ocrx_word' id='word_1_332' title='bbox 623 3462 778 3538; x_wconf 86' lang='lat' dir='ltr'><strong>praecipua</strong></span> <span class='ocrx_word' id='word_1_333' title='bbox 792 3458 875 3518; x_wconf 92' lang='lat' dir='ltr'><strong>laude</strong></span> <span class='ocrx_word' id='word_1_334' title='bbox 891 3457 1005 3536; x_wconf 86' lang='lat' dir='ltr'><strong>dignum</strong></span> <span class='ocrx_word' id='word_1_335' title='bbox 1021 3465 1099 3534; x_wconf 92' lang='lat' dir='ltr'><strong>puto.</strong></span> <span class='ocrx_word' id='word_1_336' title='bbox 1119 3454 1196 3516; x_wconf 88' lang='lat' dir='ltr'><strong>Nam</strong></span> 
     </span>
     <span class='ocr_line' id='line_1_38' title="bbox 184 3540 1195 3621; baseline 0.002 -22"><span class='ocrx_word' id='word_1_337' title='bbox 184 3542 291 3620; x_wconf 92' lang='lat' dir='ltr'><strong>impetu</strong></span> <span class='ocrx_word' id='word_1_338' title='bbox 311 3540 431 3618; x_wconf 89' lang='lat' dir='ltr'><strong>quodam</strong></span> <span class='ocrx_word' id='word_1_339' title='bbox 452 3551 482 3603; x_wconf 91' lang='lat' dir='ltr'><strong>et</strong></span> <span class='ocrx_word' id='word_1_340' title='bbox 502 3544 636 3605; x_wconf 89' lang='lat' dir='ltr'><strong>instincto</strong></span> <span class='ocrx_word' id='word_1_341' title='bbox 656 3559 829 3621; x_wconf 84' lang='lat' dir='ltr'><strong>procurrere</strong></span> <span class='ocrx_word' id='word_1_342' title='bbox 849 3541 884 3601; x_wconf 90' lang='lat' dir='ltr'><strong>ad</strong></span> <span class='ocrx_word' id='word_1_343' title='bbox 904 3551 1024 3602; x_wconf 88' lang='lat' dir='ltr'><strong>mortem</strong></span> <span class='ocrx_word' id='word_1_344' title='bbox 1041 3559 1195 3604; x_wconf 89' lang='lat' dir='ltr'><strong>commune</strong></span> 
     </span>
    </p>
   </div>
   <div class='ocr_carea' id='block_1_4' title="bbox 0 0 1294 3978">
    <p class='ocr_par' dir='ltr' id='par_1_14' title="bbox 0 0 1294 3978">
     <span class='ocr_line' id='line_1_39' title="bbox 0 0 1294 3978; baseline 0 0"><span class='ocrx_word' id='word_1_345' title='bbox 0 0 1294 3978; x_wconf 95' lang='lat' dir='ltr'><strong> </strong></span> 
     </span>
    </p>
   </div>
  </div>
 </body>
</html>
