2584 3972
387 268 651 336 EPISTULARUM
664 271 727 332 Vll.
742 280 767 335 7.
780 282 808 337 8.
818 283 843 338 9.
1056 277 1119 342 137

110 423 248 501 otum,
269 433 301 485 ut
317 423 378 500 ais,
400 424 465 502 ipse
480 423 603 502 furiens,
624 427 745 504 incipies
756 428 880 505 primurn
896 429 962 491 istic
977 431 1036 492 otio
1048 430 1118 511 frui,

111 507 214 570 euiude
228 509 346 572 autimas
362 507 401 570 ud
415 523 468 570 nos
478 509 599 570 wenti.
628 509 710 572 Vale.

86 772 104 819 ὃ
396 737 424 788 G.
444 641 700 793 curtatusYRIlsco
719 741 780 794 SUO
799 741 824 793 S.

170 841 339 921 Exprimere
356 860 414 902 uon
429 858 647 922 possumqnem
665 845 819 908 iucundum
836 846 875 906 sit
895 845 962 908 mihi
977 846 1143 925 moder-1

108 928 238 988 muamus
251 935 353 988 uester
366 943 496 988 :summas
516 927 567 987 tibi
590 928 665 1007 apud
684 947 730 992 me
746 931 852 1008 gratim
865 929 930 992 aliis
946 947 1035 1007 super
1045 929 1117 994 alies

109 1009 244 1090 epistulis
263 1014 333 1090 agn„
363 1010 456 1089 Perge
475 1018 507 1072 nt
527 1014 650 1092 coepisti
664 1015 812 1093 virumque
821 1016 964 1092 optimum
979 1032 1061 1092 quum
1077 1015 1143 1082 fes

109 1093 299 1158 miliariseime
315 1093 367 1157 fiili
413 1141 423 1173 ‚
442 1113 578 1174 ,maguam
593 1096 771 1176 uoluptatem
785 1117 825 1160 ex
838 1100 960 1160 amicitia
974 1100 1037 1160 eius
1052 1117 1117 1177 per·

66 1187 263 1258 temptares,
281 1196 337 1244 uec
347 1114 407 1240 a?
417 1190 625 1259 reuetempus.
656 1181 807 1244 Nemeum
821 1183 950 1244 omuibus
966 1184 1146 1250 mnrtmuse

108 1263 248 1341 mundat,
276 1273 334 1326 tum
348 1262 408 1326 lrac
424 1267 587 1344 praecipue
606 1266 685 1344 quod
704 1265 791 1328 habet
807 1268 956 1328 unanimem
974 1269 1006 1328 in
1021 1285 1118 1328 amore

110 1349 305 1408 constantiam.
337 1346 419 1408 Vale.

551 1537 558 1544 .
621 1483 658 1543 Ι.

67 1601 101 1652 15
409 1579 437 1630 C·
456 1482 696 1634 Pmmfflsco
713 1581 772 1634 SUO
792 1581 818 1636 S.

175 1677 296 1752 Quaeris
311 1680 552 1758 quenadmodum
574 1685 604 1746 iu
623 1703 763 1763 secessu,
787 1701 845 1763 qao
865 1686 919 1746 iam
935 1683 984 1746 din
1000 1684 1142 1762 frueris‚1

109 1773 208 1842 putem
223 1773 254 1824 te
269 1763 385 1826 studere
401 1775 547 1844 opanere.
576 1767 657 1830 'Utile
674 1771 708 1830 in
722 1771 838 1849 primis,
859 1779 894 1832 et
910 1769 991 1830 multi
1003 1771 1144 1854 praeci-2

108 1850 207 1927 piunt,
234 1846 282 1907 rel
303 1866 341 1908 eu
368 1847 480 1910 Graeco
501 1853 529 1912 in
547 1851 675 1914 Latinum
700 1853 747 1914 vel
773 1871 811 1914 ex
832 1852 931 1914 Latino
953 1861 1068 1914 uertere
1089 1855 1118 1913 in

110 1929 266 1992 Graecum:
293 1949 350 2011 quo
372 1951 482 2011 penore
500 1938 713 1999 exercitationis
738 1939 899 2016 proprietas
922 1935 1117 2015 splendorque

64 2017 274 2093 uouerbomm,
290 2018 373 2094 copia
385 2019 546 2097 figurarum,
561 2022 606 2082 nis
616 2020 789 2100 explicandi,
803 2029 952 2098 praeterea
962 2021 1117 2080 imitatione

110 2102 283 2180 optimorum
299 2101 400 2164 similia
417 2103 579 2164 inveniendi
599 2104 719 2166 facultas
740 2114 866 2182 paratur:
889 2102 971 2164 simul
987 2121 1061 2182 qnae
1075 2102 1116 2164 le·

109 2193 226 2263 gentem
240 2183 415 2248 fefellissent
430 2187 648 2250 transferentem
662 2188 765 2266 fugere
780 2206 837 2250 non
846 2197 980 2268 pessunt.
998 2186 1117 2248 intelle-

109 2270 207 2347 gentia
221 2286 261 2330 ex
273 2267 330 2332 hoc
345 2279 376 2330 et
386 2270 522 2332 iudicium
534 2272 702 2350 adquiritur.
722 2272 801 2334 Nihil
816 2273 931 2335 offuerit
947 2289 1020 2351 qaae
1031 2270 1142 2349 lege-3

108 2355 151 2414 ris
161 2351 303 2414 hactenus
316 2362 347 2414 ut
356 2371 417 2416 reue
428 2365 680 2436 argumentumque
692 2366 790 2418 teneas
802 2359 882 2437 qnasi
892 2356 1033 2417 uemufunr
1045 2358 1117 2416 scri·

65 2438 183 2498 rebem
196 2435 340 2516 lectisque
355 2438 500 2516 confeme‚
512 2457 551 2502 nc
567 2439 668 2502 sedulo
683 2444 828 2520 pensitare
844 2441 911 2521 quid
926 2449 968 2519 tu,
985 2439 1052 2519 qnid
1065 2439 1117 2501 ille

111 2521 297 2584 modius.
319 2521 422 2601 lingua
433 2524 600 2602 memmio,
616 2529 641 2586 si
652 2525 801 2587 nonnulla
816 2535 863 2601 tu,
878 2542 997 2602 maguus
1012 2523 1116 2603 pudor,

110 2609 135 2668 si
152 2615 255 2666 cuncta
269 2604 319 2668 ille
339 2607 453 2668 melius.
473 2607 585 2670 Licebit
601 2610 742 2670 interd·
758 2618 788 2670 et
802 2611 948 2670 notissima
962 2607 1073 2686 eligere
1088 2618 1119 2667 et

110 2700 223 2752 certare
240 2708 304 2751 cnm
317 2691 432 2752 electis.
454 2691 652 2770 fulenham,
667 2711 724 2753 non
737 2702 831 2753 tamen
842 2693 976 2770 inproba,
992 2693 1057 2770 quia
1071 2702 1144 2754 ste-4

111 2784 191 2836 meta
212 2776 373 2836 contentio:
397 2793 564 2854 quamquam
588 2776 692 2837 multos
716 2777 845 2837 ridemus
866 2775 1004 2837 eiusmodi
1026 2783 1117 2835 certa

65 2861 185 2920 &nina
199 2858 254 2920 sibi
270 2875 334 2920 curu
348 2858 435 2920 multa
448 2859 533 2920 frede
550 2862 724 2940 sumpsisse,
746 2877 880 2940 quosque
895 2860 1034 2938 subsequi
1046 2861 1117 2919 satis

109 2942 269 3018 blebam
291 2942 356 3004 dum
372 2960 433 3004 nou
445 2944 618 3023 desperant,
635 2948 842 3006 antecessisse.
873 2943 985 3005 Pete-is
1001 2952 1031 3004 et
1045 2954 1144 3023 queue

109 3027 219 3089 dixeris
227 3036 298 3105 ¹post
309 3027 662 3107 obliuionenretrectere,
677 3029 763 3089 multa
772 3031 913 3105 ‚retinere
928 3027 1012 3107 plura
1027 3037 1117 3088 trans·

108 3114 169 3188 ire,
192 3109 247 3172 &a
264 3113 487 3190 interscribere,
506 3112 562 3173 alia
580 3114 753 3174 rescribere.
784 3112 969 3174 laboriosum
990 3111 1067 3174 istud
1088 3120 1144 3175 cto

107 3195 206 3258 uene
221 3194 337 3274 plenum
348 3196 403 3258 sed
417 3195 584 3258 detentam
596 3199 663 3277 ipsa
674 3197 863 3274 fructuosum,
880 3195 1065 3259 remlescere
1080 3211 1118 3256 eu

67 3284 224 3358 &integro
239 3290 269 3342 et
279 3291 431 3343 resumere
443 3283 581 3361 ‘mpetum
600 3281 720 3344 metum
736 3284 947 3360 amissumque,
968 3289 1117 3360 postremo

108 3383 184 3426 uera
200 3364 281 3427 uelut
293 3367 420 3427 membra
434 3376 555 3445 pemmo
570 3369 686 3447 corpori
695 3368 829 3428 intexere
846 3383 902 3428 nec
917 3375 1012 3426 umen
1022 3367 1118 3444 priora

110 3451 236 3510 turbare.
268 3450 336 3510 Scio
347 3469 423 3511 nunc
438 3451 489 3512 tibi
504 3469 572 3512 esse
586 3450 911 3530 praemonstratum
925 3449 1039 3518 amech
1065 3447 1143 3508 sedi

109 3550 168 3594 non
184 3533 251 3594 ideo
271 3552 387 3614 semper
402 3553 561 3614 pugnacem
576 3535 652 3596 hunc
672 3545 702 3596 ct
721 3537 802 3614 quasi
822 3533 1002 3595 bellatorium
1022 3531 1118 3592 stilum
