2604 3972
315 247 576 311 EPISTULARUM
586 247 677 310 vtttt.
697 258 723 312 3.
735 257 761 311 4.
774 260 799 312 5.
812 259 877 314 ct.
1038 247 1099 316 177

580 400 615 459 V.

393 497 420 549 C.
436 497 560 550 PLINIUS
575 498 684 550 TIRONI
701 497 762 550 SUO
780 497 807 553 S.

160 597 286 678 Egregie
302 599 372 660 facis
389 601 516 682 (inquiro
531 601 632 680 enim),
650 610 679 662 ct
693 618 859 680 persevera,
875 602 952 681 quod
966 603 1123 670 iustitiaml

104 689 172 740 tuam
186 683 406 762 provincialibus
416 683 503 745 multa
516 684 687 745 humanitate
704 684 899 755 commendam
921 687 1000 745 cuius
1014 704 1097 766 prac-

78 766 181 844 5cipna
196 783 262 845 pars
283 775 328 828 est
347 767 576 829 honestissimum
595 785 737 848 quemque
760 768 903 848 conplecti
917 768 1010 848 atique
1030 771 1098 830 itaa

100 850 248 912 minoribus
269 852 353 911 amari
367 859 398 910 ut
412 851 525 912 simula
543 851 718 932 principibus
737 849 865 930 diligere.
899 851 1033 931 Plerique
1048 864 1122 916 auu

101 941 169 1010 tem,
187 932 253 994 dum
270 943 406 994 verentur
418 953 455 995 ne
476 937 585 1013 gratiae
602 935 758 1014 potentium
776 936 890 995 nimium
903 937 1042 1015 inpertire
1056 938 1096 995 ri-

99 1013 229 1097 deantur,
253 1019 442 1079 sinisteritatis
457 1018 550 1099 adque
569 1021 653 1079 etiam
671 1017 853 1096 malignitatis
873 1018 973 1081 famam
995 1037 1096 1080 conse·

99 1109 224 1176 qunntnr.
254 1101 353 1180 Aque
367 1102 436 1162 ritio
450 1110 481 1162 tu
494 1100 582 1181 longe
597 1103 763 1163 recessisti:
779 1105 856 1172 scio;
873 1104 925 1164 sed
936 1111 1124 1183 temperaret

63 1182 160 1250 10mibi
175 1201 231 1245 non
242 1201 361 1265 possum
376 1203 433 1265 quo
449 1187 539 1247 minus
558 1184 669 1246 laudern
690 1185 787 1247 similis
802 1189 926 1246 monenti
942 1186 1097 1267 quodcum

98 1266 204 1326 modum
224 1276 309 1329 tenes
331 1277 362 1330 ut
383 1268 542 1330 discrimina
557 1269 686 1329 orIInum
700 1269 921 1349 dignitatumque
937 1268 1096 1339 custodiam

98 1367 166 1428 quac
184 1354 209 1413 si
229 1352 348 1414 confusa
371 1352 483 1414 turbata
497 1353 635 1432 permixta
649 1360 730 1429 sunt,
748 1352 819 1412 nihil
834 1362 880 1414 est
895 1355 958 1433 ipsa
973 1353 1097 1432 acquali-

96 1440 150 1494 tate
164 1435 349 1516 inaequalius.
382 1436 462 1496 Vale.

568 1533 593 1592 V
609 1579 615 1592 .

61 1628 88 1682 15
364 1633 391 1685 G.
411 1631 536 1685 PLINIUS
552 1532 700 1684 cnIvrsto
719 1633 780 1686 SUO
798 1633 824 1684 S.
901 1515 980 1660 XIX

153 1732 243 1794 Omne
259 1733 317 1793 boc
330 1741 442 1812 tempus
458 1736 532 1796 inter
544 1734 701 1814 pugillares
717 1755 751 1798 ac
767 1735 882 1796 libellos
898 1734 1119 1798 iucundissimnl

96 1817 188 1893 quiete
209 1818 362 1878 transmisi.
386 1817 652 1892 ‘Quemadmodum’
673 1822 767 1898 inquis
789 1821 829 1879 ‘in
849 1818 920 1878 urbe
941 1815 1097 1896 potuistil'

96 1896 246 1962 Circenses
270 1909 363 1979 erant,
384 1918 440 1980 quo
461 1918 569 1980 genere
587 1903 746 1982 spectaculi
765 1921 802 1963 ne
823 1903 970 1964 levissime
985 1901 1097 1982 quidem

94 1991 199 2045 teneor.
228 1983 307 2045 Nihil
321 2002 441 2064 nouum,
456 1984 523 2044 nibil
538 1987 661 2064 varium,
677 1986 745 2046 nibil
761 1987 838 2064 quod
852 2003 909 2046 non
922 1985 1013 2048 semel
1030 2004 1095 2065 spe·

57 2075 186 2128 tbcmssc
203 2068 339 2130 sufficiat.
373 2068 437 2142 Quo
457 2071 547 2146 magis
567 2070 655 2130 miror
674 2078 716 2129 tot
728 2069 804 2130 milia
819 2070 941 2130 viromm
955 2078 1011 2130 tam
1026 2075 1123 2146 pue-t

92 2150 179 2212 riliter
192 2153 350 2214 identidem
365 2168 474 2230 cupere
491 2162 639 2215 currentes
660 2169 771 2232 equos,
786 2153 951 2214 insistentes
968 2153 1096 2212 curribus

92 2233 218 2299 homiues
232 2235 343 2298 videre.
367 2235 397 2296 Si
409 2244 502 2296 tamen
512 2244 559 2295 aut
572 2235 726 2297 velocitate
742 2251 880 2315 equorum
894 2244 940 2296 aut
955 2235 1097 2296 hominum

91 2325 148 2380 arte
170 2321 369 2397 traherentur,
392 2328 471 2382 esset
496 2320 567 2379 ratio
591 2319 757 2381 nonnulla:
784 2337 859 2380 nunc
880 2319 976 2381 iaveat
991 2334 1095 2398 panno,

92 2417 209 2478 pannum
225 2413 330 2478 amant,
346 2411 375 2465 et
389 2404 414 2463 si
429 2404 457 2463 in
470 2404 534 2480 ipso
547 2420 633 2464 cursu
646 2403 799 2482 medioque
815 2405 969 2466 certamine
984 2403 1032 2464 bic
1047 2421 1096 2464 co·

57 2482 136 2553 atlor
147 2484 236 2566 illuc,
253 2486 305 2547 illc
323 2487 380 2547 buc
394 2486 592 2564 tmnsieratur‚
615 2487 737 2549 studium
751 2486 889 2566 favorque
911 2488 1049 2565 transibit,
1068 2495 1098 2547 et

92 2580 211 2649 repente
229 2571 386 2650 agitatores
406 2568 488 2649 illos,
515 2588 607 2650 equos
628 2570 711 2649 illos,
735 2587 808 2650 qnos
829 2571 929 2650 procul
944 2573 1097 2649 nescitam,

93 2669 211 2731 quornm
228 2655 373 2716 clamitant
386 2657 513 2732 nomina,
529 2653 699 2734 relinquent.
733 2652 819 2714 Tanta
833 2657 937 2732 gratia,
962 2662 1036 2716 tanta
1049 2673 1096 2714 au-

93 2739 208 2801 ctoritas
221 2741 250 2799 iu
263 2757 317 2798 una
330 2737 466 2799 vilissima
481 2739 587 2815 nursica,
602 2738 682 2798 mitto
697 2736 772 2815 apud
787 2737 909 2816 vulqus,
926 2736 1003 2816 quod
1013 2736 1124 2796 vilius3

91 2823 203 2900 tunica,
226 2821 282 2883 sed
295 2821 370 2901 apud
382 2821 519 2900 quosdam
532 2839 637 2899 graves
647 2820 793 2890 bominem
811 2838 883 2899 quos
898 2837 955 2898 ego
972 2839 1037 2882 cum
1050 2837 1097 2879 re-

55 2905 196 2966 ibcortlor
215 2907 245 2965 in
268 2923 301 2966 rc
318 2907 391 2965 Inani
418 2904 519 2983 frigida
544 2904 660 2966 adsidua
679 2913 734 2964 tam
747 2904 941 2965 insatiabiliter
953 2904 1097 2983 desidere,

93 2990 174 3066 capio
195 2989 320 3068 aliquam
334 2988 525 3067 voluptatem,
538 2989 614 3068 quod
624 2989 679 3051 hac
690 2988 838 3066 voluptate
852 3006 908 3056 non
925 2990 1031 3067 capior.
1054 2987 1127 3050 Aet

91 3087 144 3148 per
158 3073 213 3134 Iros
230 3073 294 3134 dies
306 3072 493 3134 libentissime
509 3073 599 3136 otium
607 3091 701 3132 meum
715 3074 743 3132 in
758 3071 861 3134 litteris
874 3072 1007 3152 conloco,
1025 3089 1098 3151 quos

91 3154 137 3217 alii
153 3157 339 3218 otiosissimis
355 3157 590 3235 occupationibus
605 3155 736 3235 perdunt.
765 3155 847 3217 Vale.

53 3326 83 3382 aa
567 3287 630 3350 vn·
981 3332 1033 3414 Ἃ

372 3387 398 3440 c.
417 3388 542 3442 rnrnrns
561 3388 695 3441 nomano
713 3387 773 3440 sno
790 3387 807 3439 s

131 3489 321 3633 ΡΑοάἰὲὶουο
335 3501 366 3553 te
383 3493 497 3555 scribis.
515 3491 594 3555 Bene
610 3501 670 3554 est:
692 3492 787 3554 inrcni
801 3491 1003 3636 patrocqqinm
1023 3487 1128 3554 aetii-t

154 3594 208 3634 utut
255 3595 281 3634 P.
