2580 3970
362 260 365 265 ·
421 259 799 326 PANEGYRlcUsso.⁵7.
961 351 964 356 η
1048 264 1109 328 273

105 412 195 474 laoies
214 421 243 472 et
264 411 389 473 amabilis
408 411 502 472 vultus
521 414 549 472 in
568 414 689 472 omnium
714 414 816 474 civium
841 432 891 476 ore
913 415 1004 476 oonlis
1018 419 1109 478 animo

105 496 197 558 sedet.

166 579 329 640 Adnotasse
348 597 401 639 vos
426 578 532 657 oredo,
559 590 656 656 patres
677 583 849 662 conscripti,
876 584 930 642 iam
945 581 1048 641 dudum
1063 602 1108 642 me
1120 576 1165 640 56

102 681 159 724 non
179 663 289 740 eligere
310 681 383 742 quae
402 662 534 724 reiorum.
561 663 741 742 Propositum
761 675 807 726 est
823 667 897 726 enim
919 665 986 724 mihi
1005 667 1109 744 prinei·

75 761 168 826 spem
185 746 317 824 laudare,
340 763 396 806 non
413 749 551 825 principis
566 747 650 808 laeta.
676 746 747 808 Nam
760 748 909 809 laudabilia
923 748 1010 810 multa
1026 751 1109 810 etiam
1156 811 1159 818 ,

101 830 169 892 mali
183 832 305 906 iaciunt,
326 832 390 910 ipse
404 829 512 890 laudari
524 832 585 891 uisi
595 833 717 911 optimus
731 849 788 893 uon
808 843 915 910 potest.
943 831 1037 905 Quare
1053 851 1109 892 non

101 915 157 975 aha
170 916 275 992 maior,
290 916 444 992 imperator
457 923 594 992 auguste,
609 915 701 992 gloria
718 925 764 977 tua
778 935 860 996 quam
872 917 948 996 quod
958 917 1108 994 agentibus

102 999 154 1059 tibi
168 1000 273 1075 gratias
287 997 355 1058 nihil
371 997 521 1058 velandum
537 1008 600 1076 est,
613 998 680 1060 nihil
698 1000 881 1061 omittendum
897 1009 951 1061 est.
975 999 1049 1073 Quid
1063 1010 1109 1061 est

101 1084 177 1142 enim
191 1084 220 1142 in
234 1083 393 1160 principatu
408 1092 457 1142 tuo
472 1081 549 1160 quod
565 1085 729 1163 cuiusquam
744 1084 918 1163 praedieatio
930 1083 977 1144 rel
992 1085 1107 1145 transsi-

60 1164 157 1232 lolire
177 1165 224 1227 vel
246 1165 427 1244 praetervehi
450 1162 574 1226 debeat?
610 1165 694 1239 Quod
714 1176 902 1244 momentum,
927 1168 1003 1246 quod
1025 1168 1108 1227 immo

100 1251 239 1327 temporis
254 1259 389 1328 punetum
400 1259 448 1310 aut
460 1249 602 1310 beneficio
621 1250 720 1310 sterile
733 1261 780 1311 aut
794 1268 914 1311 vacuum
925 1247 1030 1311 laude?
1045 1250 1109 1310 Non

101 1335 195 1395 omnia
210 1333 362 1394 eiusmodi
377 1343 406 1394 ut
421 1335 446 1394 is
463 1336 569 1412 optime
584 1343 613 1394 te
628 1334 761 1396 laudasse
774 1335 903 1395 videatur
917 1337 965 1414 qui
978 1353 1108 1396 narrave-

98 1419 137 1478 rit
151 1415 337 1478 fidelissime?
359 1416 423 1490 Quo
439 1418 469 1477 lit
486 1428 516 1478 ut
532 1435 623 1498 prope
639 1421 668 1479 iu
684 1421 841 1480 inmensum
856 1418 1025 1479 diffundatur
1045 1435 1108 1479 ora·

99 1503 141 1562 tio
161 1519 241 1578 mea,
268 1510 298 1561 et
317 1501 439 1561 necdum
455 1501 490 1561 de
505 1502 619 1562 biennio
634 1503 746 1582 loquor.
763 1501 874 1576 -Quam
888 1501 976 1563 multa
995 1502 1053 1562 dixi
1073 1503 1108 1564 de

58 1594 89 1648 15
100 1583 313 1661 moderatione,
344 1593 373 1645 et
395 1595 499 1664 quanto
522 1585 602 1664 plura
623 1587 716 1647 adhue
738 1585 860 1648 restant!
888 1586 1008 1646 utillud
1033 1587 1109 1666 quod

99 1670 258 1730 secundum
279 1667 455 1730 consulatum
472 1672 627 1748 recepisti,
651 1673 716 1749 quia
736 1674 872 1750 princeps
888 1679 917 1730 et
930 1681 1013 1750 pater
1028 1671 1107 1732 dele-

98 1753 190 1814 rebat.
215 1751 253 1813 ht
270 1761 420 1832 postquam
434 1753 470 1813 ad
484 1762 514 1814 te
528 1756 639 1834 imperii
653 1772 787 1816 summam
803 1764 832 1814 et
847 1772 911 1814 eum
926 1757 1047 1815 omnium
1062 1773 1107 1814 re·

97 1855 161 1896 rum
175 1845 234 1897 tum
249 1839 334 1898 etiam
349 1839 388 1896 tui
403 1847 577 1916 potestatem
588 1838 626 1898 dii
643 1838 861 1916 transtulerunt,
877 1841 992 1898 tertium
1003 1856 1107 1899 eonsu-

98 1921 189 1980 latum
202 1923 362 1998 recusasti,
379 1939 442 1980 oum
452 1939 541 1998 agere
556 1930 612 1981 tam
625 1923 730 1982 bonum
745 1921 892 1982 oonsulem
905 1940 1020 2002 posses.
1049 1921 1107 1982 Μι-

54 2017 185 2083 2ognum
207 2013 253 2065 est
266 2004 382 2064 differre
396 2005 550 2082 honorem,
575 2005 695 2083 gloriam
710 2007 808 2066 maius.
844 2002 962 2066 Gestunr
977 2006 1107 2066 cousula-

96 2101 159 2150 tum
173 2090 260 2148 mirer
280 2107 314 2148 an
335 2104 391 2147 non
405 2087 575 2166 reoeptum?
601 2098 714 2167 gestum
728 2107 785 2149 non
798 2091 827 2148 in
840 2088 897 2149 hoe
912 2091 990 2150 urbis
1005 2091 1063 2151 otio
1079 2099 1108 2150 et

97 2175 195 2234 intimo
216 2174 280 2233 sinu
298 2173 394 2250 paeis,
416 2171 469 2233 sed
483 2175 560 2232 iuxta
573 2173 707 2234 barbaras
721 2182 844 2251 gentes,
862 2181 892 2232 ut
913 2173 954 2232 illi
975 2173 1108 2234 solebant

98 2257 204 2335 quibus
225 2265 285 2316 erat
303 2258 390 2317 moris
409 2255 610 2335 paludamento
627 2266 734 2317 mutare
748 2264 923 2337 praetextam
938 2259 1107 2334 ignotasque

97 2352 191 2402 terras
207 2341 327 2400 victoria
341 2342 434 2420 sequi.
462 2339 614 2402 l’ulohrum
628 2343 764 2420 imperio,
785 2340 942 2418 gloriosum
955 2341 1024 2418 tibi,
1043 2358 1107 2400 eom

55 2436 88 2488 25
98 2434 130 2486 te
145 2424 218 2485 soeii
231 2431 317 2503 atque
329 2424 411 2484 amici
423 2442 474 2483 sua
488 2427 516 2483 in
527 2427 633 2503 patria,
649 2427 708 2485 suis
724 2424 881 2486 insedibus
896 2425 1032 2486 adierunt.
1048 2423 1108 2486 De·

99 2526 169 2569 oora
184 2507 293 2584 iaeies,
312 2507 439 2568 oonsulis
456 2508 542 2568 multa
557 2519 625 2587 post
639 2507 755 2569 saecula
766 2507 887 2570 tribunal
899 2509 980 2569 viridi
994 2511 1107 2589 cespite

99 2600 261 2653 extructum
280 2610 336 2652 neo
356 2592 475 2652 lasoium
497 2602 602 2654 tantum
620 2592 673 2654 sed
693 2591 815 2672 pilorum
836 2594 1039 2672 signorumque
1056 2593 1107 2653 ho·

98 2693 171 2736 nore
195 2675 406 2737 circumdatum.
440 2675 592 2753 Augebant
608 2677 782 2737 maiestatem
796 2676 985 2756 praesidentis
1000 2677 1106 2737 diversi

98 2758 303 2840 postulantium
317 2759 429 2820 habitus
444 2778 479 2820 ae
492 2760 625 2820 dissonae
639 2777 729 2820 voees
741 2777 860 2839 raraque
875 2761 937 2820 sine
949 2762 1107 2840 interprete

54 2846 204 2908 booratio.
230 2841 411 2921 Magnificum
432 2853 477 2904 est
499 2843 609 2903 nivibus
630 2845 707 2920 iura,
730 2843 798 2923 quid
817 2843 948 2904 hostibus
962 2841 1107 2904 reddere?

100 2929 267 3007 speciosum
285 2937 392 2988 eertam
407 2927 462 2987 iori
477 2945 595 3007 paoem,
613 2927 680 3006 quid
694 2929 820 2988 inmanes
839 2945 954 3006 campos
970 2926 1044 2988 sella
1059 2945 1107 2989 eu·

98 3011 155 3072 ruli
176 3013 353 3090 victorisque
381 3013 505 3088 vestigio
527 3029 677 3090 premere,
703 3014 839 3072 inminere
860 3012 1016 3073 minaeibus
1037 3013 1107 3090 ripis

99 3103 190 3156 tutum
210 3097 412 3173 quietumque,
437 3113 577 3174 spernere
598 3095 733 3158 barbaros
748 3095 894 3174 fremitus,
914 3095 1105 3174 hostilemque

99 3189 241 3240 terrorem
255 3197 312 3250 non
327 3195 467 3238 armorum
481 3181 573 3256 magis
589 3198 671 3259 quam
688 3189 816 3258 togarum
831 3181 1021 3240 ostentatione
1038 3197 1106 3240 con·

55 3271 91 3324 35
103 3259 248 3342 pesoerel
270 3261 369 3340 ltaque
383 3280 441 3323 non
454 3271 483 3323 te
500 3263 575 3341 apud
588 3265 744 3342 imagines,
759 3262 811 3325 sed
822 3265 915 3340 ipsum
925 3275 1107 3340 praesentem

101 3347 320 3425 audientemque
335 3347 549 3408 consalutabant
562 3349 771 3427 imperatorem,
785 3364 956 3424 nomenque,
974 3348 1049 3427 qnod
1061 3347 1106 3408 alii

102 3429 214 3492 domitis
228 3430 377 3508 hostibus,
392 3440 422 3491 tu
438 3432 608 3508 contemptis
624 3431 780 3492 merebare.

163 3512 242 3576 llaeo
257 3514 318 3576 laus
333 3517 390 3576 aeti
404 3514 581 3585 consulatum
598 3514 647 3576 illa
658 3515 733 3578 dilati
746 3515 821 3596 quod
832 3515 923 3575 adhue
936 3516 1014 3577 initio
1028 3515 1104 3594 prin·
1116 3509 1157 3575 57

144 3604 217 3657 Pnnu
231 3603 280 3659 Er.
871 3597 910 3660 18
