2580 3970
158 251 220 313 286
585 252 619 310 b.
635 247 733 310 Pthl

158 403 228 480 ipsis
237 399 349 480 quidem
360 399 492 462 haeeluit
504 417 610 462 summa
621 411 789 462 votorumut
799 419 852 464 nos
866 402 909 464 sic
920 411 1043 465 amarent
1055 402 1165 483 diiquo

157 484 291 546 modotu.
302 482 917 564 Estneverumquodinteristaclamavimus‚
926 485 1165 548 onoslelices'l

159 567 313 642 Quidenim
324 565 537 646 leliciusnobis,
552 569 715 647 quibusnon
721 569 1009 647 ramrlludoptandum
1017 579 1062 630 est
1069 579 1100 630 ut
1107 589 1164 632 nos

158 651 256 729 diligat
268 653 414 730 princeps,
423 653 474 712 sed
482 652 519 712 dii
532 652 765 730 quemadmodum
773 651 930 732 princeps?
943 651 1050 714 Ciuitas
1062 653 1163 732 religi-

158 736 258 796 onibus
266 733 358 795 dedita
371 752 543 814 semperque
555 735 673 795 deorum
685 734 887 814 indulgentiam
898 737 1004 816 pietate
1011 740 1113 797 merita
1121 740 1164 797 ni·
1153 749 1191 798 -5

157 817 1162 897 hillelicitutisuaeputatadstruipossenisiutdiiGaesaremimitentur.

106 905 145 970 75
220 902 278 962 Sed
294 902 359 981 quid
375 903 485 980 singula
502 912 656 963 consector
670 911 699 962 et
714 900 841 980 colligo?
862 906 942 983 quasi
956 920 1026 964 vero
1037 913 1085 963 aut
1097 921 1163 964 ora·
1273 969 1274 982 ,

156 988 233 1047 tione
248 985 391 1065 complecti
407 995 453 1046 aut
467 986 602 1046 memoria
618 988 756 1064 consequi
771 989 880 1065 possim
895 1004 966 1066 quae
981 1004 1047 1064 vos,
1063 997 1164 1066 patres
1273 991 1274 1002 ¹

156 1071 328 1148 conscripti,
344 1087 381 1128 ne
396 1087 450 1147 qua
465 1070 651 1148 interciperet
665 1069 784 1148 oblivio,
803 1072 873 1130 etin
888 1070 1002 1148 publice
1018 1080 1082 1131 acta
1097 1073 1162 1132 mit·

154 1152 239 1214 tenda
260 1161 290 1213 et
308 1152 455 1212 incidenda
474 1155 502 1212 in
521 1170 589 1213 aere
606 1155 767 1214 censuistis.
800 1153 876 1214 Ante
892 1156 1035 1215 orationes
1052 1156 1202 1233 princi-lo

154 1255 223 1315 pum
235 1245 342 1296 tentum
356 1238 418 1297 eius
433 1236 509 1296 modi
529 1255 638 1314 genere
659 1246 903 1298 monumentorum
919 1237 1041 1298 mandari
1063 1247 1158 1299 aeter-

155 1322 232 1381 nitati
254 1318 399 1380 solebant:
424 1319 643 1381 adclamationes
665 1321 779 1399 quidem
798 1330 912 1381 nostrae
932 1321 1090 1400 parietibus
1110 1339 1159 1380 cu-

155 1405 213 1464 riae
230 1403 439 1464 claudebantur.
462 1403 549 1464 lirant
566 1405 641 1464 enim
653 1405 754 1482 quibus
769 1422 825 1465 nec
839 1413 954 1466 senatus
968 1403 1085 1482 gloriari
1103 1424 1160 1466 nec

156 1489 302 1565 principes
317 1497 446 1564 possent.
461 1486 518 1548 llas
531 1505 602 1548 vero
616 1497 646 1548 et
660 1490 687 1546 in
701 1487 806 1566 vulqus
821 1490 900 1548 exire
912 1498 942 1549 et
951 1491 1078 1567 posteris
1093 1507 1159 1568 pro-

156 1569 182 1628 di
201 1586 264 1630 cum
279 1587 316 1629 ex
332 1570 450 1632 utilitate
469 1580 528 1631 tum
547 1590 584 1631 ex
605 1571 739 1648 dignitate
754 1571 870 1650 publica
884 1571 950 1633 luit:
971 1574 1106 1652 primum,
1127 1582 1200 1636 ut15

155 1654 233 1714 orbis
248 1662 383 1713 terrarum
399 1656 511 1730 pietatis
528 1663 642 1715 nostrae
664 1654 847 1717 adhiberetur
860 1657 942 1717 testis
959 1664 988 1716 et
1007 1658 1158 1724 conscius;

155 1736 268 1815 deiude,
283 1746 315 1798 ut
328 1737 505 1798 manifestum
517 1736 777 1800 essetauderenos
789 1738 918 1800 debonis
933 1738 1072 1821 malisque
1083 1741 1158 1818 prin·

157 1821 267 1899 cipibus
282 1838 339 1881 non
354 1829 460 1882 tantum
474 1831 541 1901 post
555 1824 634 1900 ipsos
649 1823 788 1891 iudicare;
809 1831 971 1901 postremo,
993 1833 1023 1883 ut
1043 1826 1157 1902 experi-

154 1913 249 1964 mento
267 1914 493 1983 cognosceretur
510 1914 540 1966 et
554 1915 619 1966 ante
635 1921 688 1966 nos
703 1915 817 1984 gratans,
839 1906 891 1967 sed
911 1908 1032 1967 miseros
1053 1907 1156 1986 luisse,

155 1989 339 2066 quibusesse
353 2006 406 2049 nos
422 1999 519 2066 gratos
536 1991 656 2067 probare
671 1999 752 2051 antea
770 2007 827 2049 non
841 1991 932 2050 licuit.
963 1991 1001 2050 ht
1016 2009 1071 2070 qua
1087 2007 1155 2051 con·
1165 2001 1199 2054 ιο
1274 2012 1275 2018 ’

154 2074 297 2150 tentione,
314 2090 370 2151 quo
384 2075 464 2151 nisu,
481 2075 583 2152 quibus
596 2073 765 2133 clamoribus
778 2073 988 2151 expostulatum
1001 2084 1094 2135 estne
1108 2074 1157 2135 ad·
1274 2075 1275 2104 l

155 2154 249 2217 lectus
263 2166 393 2229 nostros,
415 2175 452 2216 ue
465 2166 512 2217 tua
526 2161 624 2218 merita
641 2159 851 2236 supprimeres,
873 2157 994 2237 denique
1015 2168 1046 2218 ut
1059 2159 1088 2217 in
1104 2175 1156 2237 po-

155 2251 261 2300 sterum
278 2240 412 2319 exemplo
427 2240 610 2320 provideres!
636 2241 754 2302 Discant
770 2251 800 2302 et
812 2243 959 2321 principes
975 2241 1157 2302 adclamatio·

153 2342 205 2385 nes
226 2343 309 2385 veras
331 2323 475 2403 falsasque
499 2324 662 2386 discernere
683 2325 860 2405 habeantque
880 2327 1004 2386 muneris
1019 2326 1059 2386 tui
1079 2327 1156 2405 quod

154 2409 207 2468 iam
224 2405 319 2487 decipi
336 2424 392 2467 non
408 2416 551 2484 poterunt.
577 2408 642 2469 Non
656 2409 848 2469 instruendum
862 2409 918 2470 illis
933 2411 988 2470 iter
1002 2411 1036 2470 ad
1052 2411 1195 2472 bonanae
1274 2445 1275 2450 κ

152 2491 263 2564 iamenu,
277 2489 599 2569 sednondeserendum,
612 2492 1024 2571 nonsummovendaadulatio,
1037 2493 1155 2555 sednon

152 2572 314 2634 reducenda
326 2581 379 2633 est
396 2570 512 2634 Gertum
524 2584 569 2635 est
581 2585 609 2636 et
622 2593 695 2654 quae
708 2576 806 2638 lacere
818 2587 849 2637 et
856 2594 928 2656 quae
941 2577 1064 2639 debeant
1075 2578 1154 2638 audi-

151 2676 195 2735 re,
209 2678 234 2719 sr
226 2657 357 2718 ’.ἰιοίιιιιι
372 2655 448 2731 Quid
458 2675 533 2718 nunc
545 2677 602 2737 ego
610 2677 739 2760 spperea
751 2679 824 2740 quae
834 2679 896 2721 sum
907 2677 971 2721 cum
981 2670 1042 2722 toto
1053 2671 1155 2722 senatu

152 2752 286 2820 precatus
298 2759 351 2820 pro
367 2751 467 2803 senatu
481 2759 596 2821 precer,
612 2746 665 2804 nisi
679 2753 710 2803 ut
722 2744 837 2805 haereat
849 2746 941 2804 animo
957 2754 1006 2805 tuo
1021 2745 1156 2822 gaudium

152 2825 228 2905 quod
243 2836 309 2886 tunc
323 2826 414 2887 oculis
424 2824 589 2906 protulisti?
608 2826 695 2888 hmes
707 2826 879 2904 illumdiem,
896 2837 1030 2890 ettamen
1043 2831 1197 2908 vincas,do

150 2927 225 2968 nova
236 2911 383 2986 merearis,
396 2929 471 2972 noua
483 2910 595 2972 audias:
606 2911 707 2971 eadem
719 2913 794 2972 euim
807 2910 862 2970 dici
874 2913 927 2972 nisi
941 2914 978 2974 cd
991 2914 1101 2974 eodem
1112 2913 1154 2973 la·

104 2986 141 3057 lb
153 3002 198 3053 cta
208 3008 265 3052 uon
278 3003 406 3071 possunt.
420 2992 478 3055 lam
490 3013 572 3074 ιιιιιιιιι
579 2998 732 3074 antiquum,
747 3011 830 3074 quam
843 2996 1003 3074 consulare,
1016 2995 1094 3076 quod
1104 2999 1154 3058 tri·

151 3076 236 3136 duum
249 3085 341 3138 totum
355 3087 470 3138 senatus
485 3079 538 3138 sub
555 3079 689 3158 exemplo
704 3081 743 3138 tui
761 3077 853 3156 sedit,
875 3097 939 3138 cum
958 3083 1067 3142 interea
1083 3080 1153 3141 nihil

148 3170 265 3240 praeter
286 3161 433 3222 consulem
448 3163 566 3239 ageres!
594 3162 781 3240 Interrogavit
801 3166 921 3242 quisque
940 3164 1016 3243 quod
1029 3163 1153 3243 placuit:

149 3243 311 3322 dissentire,
328 3245 490 3324 discedere,
507 3256 538 3307 et
553 3248 663 3325 copiam
676 3247 771 3308 iudicii
789 3249 832 3306 sui
845 3249 887 3308 rei
902 3247 1036 3327 publicae
1051 3247 1191 3310 laceresi

148 3335 244 3390 tutum
256 3329 329 3407 fuit:
352 3329 474 3390 consulti
489 3346 590 3391 omues
604 3341 689 3410 atque
705 3332 788 3391 etiam
805 3329 969 3392 dinumerati
983 3349 1097 3408 sumus,
1111 3334 1154 3390 vi-

149 3414 244 3491 citque
264 3415 405 3473 sententia
422 3429 478 3473 non
498 3417 587 3492 prima
608 3414 660 3475 sed
682 3413 791 3475 melior.
823 3414 862 3474 ht
882 3417 945 3493 quis
960 3423 1042 3475 antea
1059 3413 1150 3494 loqui,

149 3497 213 3572 quis
229 3495 342 3557 hiscere
358 3495 478 3556 audebat
492 3507 607 3576 praeter
621 3498 741 3558 miseros
752 3497 818 3558 illos
833 3501 881 3576 qui
896 3501 977 3577 primi
991 3501 1151 3576 iuterroga-
