<?xml version="1.0" encoding="UTF-8"?>
<!DOCTYPE html PUBLIC "-//W3C//DTD XHTML 1.0 Transitional//EN"
    "http://www.w3.org/TR/xhtml1/DTD/xhtml1-transitional.dtd">
<html xmlns="http://www.w3.org/1999/xhtml" xml:lang="en" lang="en">
 <head>
  <title>
</title>
<meta http-equiv="Content-Type" content="text/html;charset=utf-8" />
  <meta name='ocr-system' content='tesseract 3.04.00' />
  <meta name='ocr-capabilities' content='ocr_page ocr_carea ocr_par ocr_line ocrx_word'/>
</head>
<body>
  <div class='ocr_page' id='page_1' title='image "./cplinicaecilise05plingoog_0326.png"; bbox 0 0 2580 3970; ppageno 0'>
   <div class='ocr_carea' id='block_1_1' title="bbox 376 291 1103 376">
    <p class='ocr_par' dir='ltr' id='par_1_1' title="bbox 376 291 1103 376">
     <span class='ocr_line' id='line_1_1' title="bbox 376 291 1103 376; baseline 0.001 -21"><span class='ocrx_word' id='word_1_1' title='bbox 376 291 643 355; x_wconf 77' lang='lat' dir='ltr'><strong>rnuuuiuicus</strong></span> <span class='ocrx_word' id='word_1_2' title='bbox 662 303 817 376; x_wconf 37' lang='lat'><strong>88.„89·90·</strong></span> <span class='ocrx_word' id='word_1_3' title='bbox 1041 293 1103 358; x_wconf 75' lang='lat'><strong>295</strong></span> 
     </span>
    </p>
   </div>
   <div class='ocr_carea' id='block_1_2' title="bbox 10 446 1154 3623">
    <p class='ocr_par' dir='ltr' id='par_1_2' title="bbox 98 446 1103 527">
     <span class='ocr_line' id='line_1_2' title="bbox 98 446 1103 527; baseline 0 -18"><span class='ocrx_word' id='word_1_4' title='bbox 98 447 212 509; x_wconf 87' lang='lat' dir='ltr'><strong>Etenim</strong></span> <span class='ocrx_word' id='word_1_5' title='bbox 234 456 264 507; x_wconf 93' lang='lat' dir='ltr'><strong>ut</strong></span> <span class='ocrx_word' id='word_1_6' title='bbox 285 448 395 508; x_wconf 93' lang='lat' dir='ltr'><strong>nominc</strong></span> <span class='ocrx_word' id='word_1_7' title='bbox 413 447 535 524; x_wconf 79' lang='lat' dir='ltr'>Augusti</span> <span class='ocrx_word' id='word_1_8' title='bbox 550 446 732 508; x_wconf 77' lang='lat' dir='ltr'><strong>admonemur</strong></span> <span class='ocrx_word' id='word_1_9' title='bbox 751 450 812 510; x_wconf 88' lang='lat' dir='ltr'><strong>eius</strong></span> <span class='ocrx_word' id='word_1_10' title='bbox 831 450 876 508; x_wconf 91' lang='lat' dir='ltr'><strong>cui</strong></span> <span class='ocrx_word' id='word_1_11' title='bbox 896 451 1013 527; x_wconf 88' lang='lat' dir='ltr'><strong>primum</strong></span> <span class='ocrx_word' id='word_1_12' title='bbox 1028 446 1103 510; x_wconf 91' lang='lat' dir='ltr'><strong>dica·</strong></span> 
     </span>
    </p>

    <p class='ocr_par' dir='ltr' id='par_1_3' title="bbox 99 531 1103 612">
     <span class='ocr_line' id='line_1_3' title="bbox 99 531 1103 612; baseline 0 -20"><span class='ocrx_word' id='word_1_13' title='bbox 99 543 157 593; x_wconf 89' lang='lat' dir='ltr'><strong>tum</strong></span> <span class='ocrx_word' id='word_1_14' title='bbox 176 541 238 609; x_wconf 88' lang='lat' dir='ltr'><strong>est,</strong></span> <span class='ocrx_word' id='word_1_15' title='bbox 258 533 297 591; x_wconf 91' lang='lat' dir='ltr'><strong>ita</strong></span> <span class='ocrx_word' id='word_1_16' title='bbox 310 532 382 592; x_wconf 90' lang='lat' dir='ltr'><strong>baec</strong></span> <span class='ocrx_word' id='word_1_17' title='bbox 397 533 494 611; x_wconf 91' lang='lat' dir='ltr'><strong>optimi</strong></span> <span class='ocrx_word' id='word_1_18' title='bbox 506 531 666 612; x_wconf 87' lang='lat' dir='ltr'><strong>appellatio</strong></span> <span class='ocrx_word' id='word_1_19' title='bbox 683 549 831 611; x_wconf 81' lang='lat' dir='ltr'><strong>numquam</strong></span> <span class='ocrx_word' id='word_1_20' title='bbox 845 533 997 594; x_wconf 83' lang='lat' dir='ltr'><strong>memoriae</strong></span> <span class='ocrx_word' id='word_1_21' title='bbox 1013 532 1103 592; x_wconf 88' lang='lat' dir='ltr'><strong>bomi-</strong></span> 
     </span>
    </p>

    <p class='ocr_par' dir='ltr' id='par_1_4' title="bbox 98 615 1103 696">
     <span class='ocr_line' id='line_1_4' title="bbox 98 615 1103 696; baseline 0 -20"><span class='ocrx_word' id='word_1_22' title='bbox 98 632 165 676; x_wconf 88' lang='lat' dir='ltr'><strong>num</strong></span> <span class='ocrx_word' id='word_1_23' title='bbox 179 617 240 676; x_wconf 91' lang='lat' dir='ltr'><strong>sine</strong></span> <span class='ocrx_word' id='word_1_24' title='bbox 255 623 284 676; x_wconf 89' lang='lat' dir='ltr'><strong>tc</strong></span> <span class='ocrx_word' id='word_1_25' title='bbox 299 624 445 695; x_wconf 85' lang='lat' dir='ltr'><strong>recurret,</strong></span> <span class='ocrx_word' id='word_1_26' title='bbox 467 618 656 695; x_wconf 88' lang='lat' dir='ltr'><strong>quotiensque</strong></span> <span class='ocrx_word' id='word_1_27' title='bbox 676 618 786 695; x_wconf 90' lang='lat' dir='ltr'><strong>posteri</strong></span> <span class='ocrx_word' id='word_1_28' title='bbox 800 618 890 677; x_wconf 90' lang='lat' dir='ltr'><strong>nostri</strong></span> <span class='ocrx_word' id='word_1_29' title='bbox 905 618 1039 696; x_wconf 90' lang='lat' dir='ltr'><strong>optimum</strong></span> <span class='ocrx_word' id='word_1_30' title='bbox 1054 615 1103 676; x_wconf 90' lang='lat' dir='ltr'><strong>ali·</strong></span> 
     </span>
    </p>

    <p class='ocr_par' dir='ltr' id='par_1_5' title="bbox 68 699 1103 847">
     <span class='ocr_line' id='line_1_5' title="bbox 98 699 1103 779; baseline 0 -21"><span class='ocrx_word' id='word_1_31' title='bbox 98 717 184 779; x_wconf 88' lang='lat' dir='ltr'><strong>quem</strong></span> <span class='ocrx_word' id='word_1_32' title='bbox 202 715 307 761; x_wconf 87' lang='lat' dir='ltr'><strong>vocare</strong></span> <span class='ocrx_word' id='word_1_33' title='bbox 330 709 485 778; x_wconf 85' lang='lat' dir='ltr'><strong>cogentur,</strong></span> <span class='ocrx_word' id='word_1_34' title='bbox 511 703 616 760; x_wconf 90' lang='lat' dir='ltr'><strong>totiens</strong></span> <span class='ocrx_word' id='word_1_35' title='bbox 639 699 865 761; x_wconf 85' lang='lat' dir='ltr'><strong>recordabuntur</strong></span> <span class='ocrx_word' id='word_1_36' title='bbox 885 703 948 779; x_wconf 88' lang='lat' dir='ltr'><strong>quis</strong></span> <span class='ocrx_word' id='word_1_37' title='bbox 968 700 1103 760; x_wconf 89' lang='lat' dir='ltr'><strong>meruerit</strong></span> 
     </span>
     <span class='ocr_line' id='line_1_6' title="bbox 68 784 203 847; baseline -0.044 0"><span class='ocrx_word' id='word_1_38' title='bbox 68 784 203 847; x_wconf 72' lang='lat' dir='ltr'><strong>auocari.</strong></span> 
     </span>
    </p>

    <p class='ocr_par' dir='ltr' id='par_1_6' title="bbox 98 866 1154 1198">
     <span class='ocr_line' id='line_1_7' title="bbox 162 866 1154 945; baseline 0.001 -20"><span class='ocrx_word' id='word_1_39' title='bbox 162 866 275 940; x_wconf 81' lang='lat' dir='ltr'><strong>Quanto</strong></span> <span class='ocrx_word' id='word_1_40' title='bbox 296 884 387 944; x_wconf 89' lang='lat' dir='ltr'><strong>nunc,</strong></span> <span class='ocrx_word' id='word_1_41' title='bbox 410 868 475 927; x_wconf 89' lang='lat' dir='ltr'><strong>dire</strong></span> <span class='ocrx_word' id='word_1_42' title='bbox 496 866 608 944; x_wconf 87' lang='lat' dir='ltr'><strong>Nerua,</strong></span> <span class='ocrx_word' id='word_1_43' title='bbox 631 867 734 945; x_wconf 90' lang='lat' dir='ltr'><strong>gaudio</strong></span> <span class='ocrx_word' id='word_1_44' title='bbox 756 867 876 945; x_wconf 81' lang='lat' dir='ltr'><strong>frueris,</strong></span> <span class='ocrx_word' id='word_1_45' title='bbox 901 885 964 927; x_wconf 93' lang='lat' dir='ltr'><strong>cum</strong></span> <span class='ocrx_word' id='word_1_46' title='bbox 978 866 1059 928; x_wconf 88' lang='lat' dir='ltr'><strong>rides</strong></span> <span class='ocrx_word' id='word_1_47' title='bbox 1074 875 1102 926; x_wconf 88' lang='lat' dir='ltr'><strong>et</strong></span> <span class='ocrx_word' id='word_1_48' title='bbox 1112 879 1154 942; x_wconf 75' lang='grc'><strong>89</strong></span> 
     </span>
     <span class='ocr_line' id='line_1_8' title="bbox 99 949 1103 1030; baseline -0.001 -21"><span class='ocrx_word' id='word_1_49' title='bbox 99 967 167 1011; x_wconf 89' lang='lat' dir='ltr'><strong>esse</strong></span> <span class='ocrx_word' id='word_1_50' title='bbox 183 952 318 1028; x_wconf 88' lang='lat' dir='ltr'><strong>optimum</strong></span> <span class='ocrx_word' id='word_1_51' title='bbox 335 961 364 1011; x_wconf 88' lang='lat' dir='ltr'><strong>et</strong></span> <span class='ocrx_word' id='word_1_52' title='bbox 381 951 436 1010; x_wconf 90' lang='lat' dir='ltr'><strong>dici</strong></span> <span class='ocrx_word' id='word_1_53' title='bbox 452 969 537 1030; x_wconf 90' lang='lat' dir='ltr'><strong>quem</strong></span> <span class='ocrx_word' id='word_1_54' title='bbox 551 960 690 1030; x_wconf 76' lang='lat' dir='ltr'><strong>tamquam</strong></span> <span class='ocrx_word' id='word_1_55' title='bbox 711 953 846 1029; x_wconf 90' lang='lat' dir='ltr'><strong>optimum</strong></span> <span class='ocrx_word' id='word_1_56' title='bbox 863 949 992 1028; x_wconf 87' lang='lat' dir='ltr'><strong>elegisti!</strong></span> <span class='ocrx_word' id='word_1_57' title='bbox 1020 967 1103 1029; x_wconf 90' lang='lat' dir='ltr'><strong>quam</strong></span> 
     </span>
     <span class='ocr_line' id='line_1_9' title="bbox 98 1033 1103 1114; baseline 0.002 -22"><span class='ocrx_word' id='word_1_58' title='bbox 98 1034 204 1095; x_wconf 92' lang='lat' dir='ltr'><strong>laetum</strong></span> <span class='ocrx_word' id='word_1_59' title='bbox 225 1035 276 1094; x_wconf 91' lang='lat' dir='ltr'><strong>tibi</strong></span> <span class='ocrx_word' id='word_1_60' title='bbox 299 1034 375 1113; x_wconf 93' lang='lat' dir='ltr'><strong>quod</strong></span> <span class='ocrx_word' id='word_1_61' title='bbox 396 1045 576 1114; x_wconf 90' lang='lat' dir='ltr'><strong>comparatus</strong></span> <span class='ocrx_word' id='word_1_62' title='bbox 598 1035 655 1095; x_wconf 89' lang='lat' dir='ltr'><strong>lilio</strong></span> <span class='ocrx_word' id='word_1_63' title='bbox 675 1045 725 1095; x_wconf 91' lang='lat' dir='ltr'><strong>tuo</strong></span> <span class='ocrx_word' id='word_1_64' title='bbox 740 1034 879 1096; x_wconf 85' lang='lat' dir='ltr'><strong>vinceris!</strong></span> <span class='ocrx_word' id='word_1_65' title='bbox 909 1033 1012 1113; x_wconf 87' lang='lat' dir='ltr'><strong>Neque</strong></span> <span class='ocrx_word' id='word_1_66' title='bbox 1028 1035 1103 1094; x_wconf 89' lang='lat' dir='ltr'><strong>enim</strong></span> 
     </span>
     <span class='ocr_line' id='line_1_10' title="bbox 98 1117 1102 1198; baseline 0.001 -21"><span class='ocrx_word' id='word_1_67' title='bbox 98 1117 154 1178; x_wconf 89' lang='lat' dir='ltr'><strong>alio</strong></span> <span class='ocrx_word' id='word_1_68' title='bbox 169 1119 258 1195; x_wconf 90' lang='lat' dir='ltr'><strong>magis</strong></span> <span class='ocrx_word' id='word_1_69' title='bbox 275 1118 447 1197; x_wconf 90' lang='lat' dir='ltr'><strong>adprobatur</strong></span> <span class='ocrx_word' id='word_1_70' title='bbox 460 1121 543 1178; x_wconf 90' lang='lat' dir='ltr'><strong>animi</strong></span> <span class='ocrx_word' id='word_1_71' title='bbox 558 1120 598 1178; x_wconf 90' lang='lat' dir='ltr'><strong>tui</strong></span> <span class='ocrx_word' id='word_1_72' title='bbox 615 1117 777 1196; x_wconf 77' lang='lat' dir='ltr'><strong>magnitudo</strong></span> <span class='ocrx_word' id='word_1_73' title='bbox 790 1137 872 1198; x_wconf 89' lang='lat' dir='ltr'><strong>quarn</strong></span> <span class='ocrx_word' id='word_1_74' title='bbox 889 1119 965 1197; x_wconf 93' lang='lat' dir='ltr'><strong>quod</strong></span> <span class='ocrx_word' id='word_1_75' title='bbox 980 1118 1102 1196; x_wconf 89' lang='lat' dir='ltr'><strong>optimus</strong></span> 
     </span>
    </p>

    <p class='ocr_par' dir='ltr' id='par_1_7' title="bbox 56 1200 1102 1616">
     <span class='ocr_line' id='line_1_11' title="bbox 56 1200 1100 1281; baseline -0.003 -16"><span class='ocrx_word' id='word_1_76' title='bbox 56 1214 90 1268; x_wconf 68' lang='lat'><strong>,0</strong></span> <span class='ocrx_word' id='word_1_77' title='bbox 99 1203 163 1279; x_wconf 89' lang='lat' dir='ltr'><strong>ipse</strong></span> <span class='ocrx_word' id='word_1_78' title='bbox 180 1219 236 1262; x_wconf 93' lang='lat' dir='ltr'><strong>non</strong></span> <span class='ocrx_word' id='word_1_79' title='bbox 250 1204 366 1262; x_wconf 90' lang='lat' dir='ltr'><strong>timuisti</strong></span> <span class='ocrx_word' id='word_1_80' title='bbox 380 1201 490 1279; x_wconf 75' lang='lat' dir='ltr'><strong>eligere</strong></span> <span class='ocrx_word' id='word_1_81' title='bbox 506 1201 662 1263; x_wconf 82' lang='lat' dir='ltr'><strong>meliorent.</strong></span> <span class='ocrx_word' id='word_1_82' title='bbox 691 1202 749 1263; x_wconf 87' lang='lat' dir='ltr'><strong>Sed</strong></span> <span class='ocrx_word' id='word_1_83' title='bbox 764 1212 793 1262; x_wconf 91' lang='lat' dir='ltr'><strong>et</strong></span> <span class='ocrx_word' id='word_1_84' title='bbox 808 1211 853 1280; x_wconf 89' lang='lat' dir='ltr'><strong>tu,</strong></span> <span class='ocrx_word' id='word_1_85' title='bbox 874 1211 958 1281; x_wconf 88' lang='lat' dir='ltr'><strong>pater</strong></span> <span class='ocrx_word' id='word_1_86' title='bbox 972 1200 1100 1275; x_wconf 80' lang='lat' dir='ltr'><strong>Trnione,</strong></span> 
     </span>
     <span class='ocr_line' id='line_1_12' title="bbox 99 1285 1101 1365; baseline 0.002 -21"><span class='ocrx_word' id='word_1_87' title='bbox 99 1287 178 1364; x_wconf 85' lang='lat' dir='ltr'><strong>(nam</strong></span> <span class='ocrx_word' id='word_1_88' title='bbox 191 1294 228 1345; x_wconf 76' lang='lat' dir='ltr'><strong>&#39;tu</strong></span> <span class='ocrx_word' id='word_1_89' title='bbox 252 1302 384 1364; x_wconf 89' lang='lat' dir='ltr'><strong>quoque,</strong></span> <span class='ocrx_word' id='word_1_90' title='bbox 409 1289 433 1347; x_wconf 89' lang='lat' dir='ltr'><strong>si</strong></span> <span class='ocrx_word' id='word_1_91' title='bbox 454 1305 511 1347; x_wconf 93' lang='lat' dir='ltr'><strong>non</strong></span> <span class='ocrx_word' id='word_1_92' title='bbox 532 1287 642 1363; x_wconf 88' lang='lat' dir='ltr'><strong>sidera,</strong></span> <span class='ocrx_word' id='word_1_93' title='bbox 669 1287 823 1365; x_wconf 83' lang='lat' dir='ltr'><strong>proximam</strong></span> <span class='ocrx_word' id='word_1_94' title='bbox 844 1295 936 1346; x_wconf 89' lang='lat' dir='ltr'><strong>tamen</strong></span> <span class='ocrx_word' id='word_1_95' title='bbox 960 1285 1101 1346; x_wconf 88' lang='lat' dir='ltr'><strong>sideribus</strong></span> 
     </span>
     <span class='ocr_line' id='line_1_13' title="bbox 99 1368 1102 1449; baseline 0 -21"><span class='ocrx_word' id='word_1_96' title='bbox 99 1369 212 1430; x_wconf 88' lang='lat' dir='ltr'><strong>obtines</strong></span> <span class='ocrx_word' id='word_1_97' title='bbox 234 1369 348 1448; x_wconf 87' lang='lat' dir='ltr'><strong>sedem)</strong></span> <span class='ocrx_word' id='word_1_98' title='bbox 370 1379 500 1448; x_wconf 90' lang='lat' dir='ltr'><strong>quantam</strong></span> <span class='ocrx_word' id='word_1_99' title='bbox 520 1371 646 1448; x_wconf 87' lang='lat' dir='ltr'><strong>percipis</strong></span> <span class='ocrx_word' id='word_1_100' title='bbox 668 1369 858 1449; x_wconf 85' lang='lat' dir='ltr'><strong>voluptatem,</strong></span> <span class='ocrx_word' id='word_1_101' title='bbox 886 1387 949 1429; x_wconf 86' lang='lat' dir='ltr'><strong>cunr</strong></span> <span class='ocrx_word' id='word_1_102' title='bbox 962 1368 1102 1428; x_wconf 89' lang='lat' dir='ltr'><strong>illnmtri·</strong></span> 
     </span>
     <span class='ocr_line' id='line_1_14' title="bbox 97 1452 1101 1532; baseline -0.002 -20"><span class='ocrx_word' id='word_1_103' title='bbox 97 1453 219 1530; x_wconf 89' lang='lat' dir='ltr'><strong>bunum,</strong></span> <span class='ocrx_word' id='word_1_104' title='bbox 237 1453 317 1513; x_wconf 92' lang='lat' dir='ltr'><strong>illum</strong></span> <span class='ocrx_word' id='word_1_105' title='bbox 328 1452 444 1513; x_wconf 87' lang='lat' dir='ltr'><strong>militem</strong></span> <span class='ocrx_word' id='word_1_106' title='bbox 454 1463 547 1531; x_wconf 90' lang='lat' dir='ltr'><strong>tuum,</strong></span> <span class='ocrx_word' id='word_1_107' title='bbox 563 1462 668 1514; x_wconf 89' lang='lat' dir='ltr'><strong>tantum</strong></span> <span class='ocrx_word' id='word_1_108' title='bbox 680 1455 896 1532; x_wconf 82' lang='lat' dir='ltr'><strong>imperatorem,</strong></span> <span class='ocrx_word' id='word_1_109' title='bbox 909 1462 1014 1514; x_wconf 89' lang='lat' dir='ltr'><strong>tantum</strong></span> <span class='ocrx_word' id='word_1_110' title='bbox 1025 1454 1101 1531; x_wconf 94' lang='lat' dir='ltr'><strong>prin-</strong></span> 
     </span>
     <span class='ocr_line' id='line_1_15' title="bbox 99 1536 1101 1616; baseline 0 -20"><span class='ocrx_word' id='word_1_111' title='bbox 99 1539 194 1615; x_wconf 90' lang='lat' dir='ltr'><strong>cipem</strong></span> <span class='ocrx_word' id='word_1_112' title='bbox 217 1539 327 1614; x_wconf 83' lang='lat' dir='ltr'><strong>cernis,</strong></span> <span class='ocrx_word' id='word_1_113' title='bbox 350 1554 470 1616; x_wconf 88' lang='lat' dir='ltr'><strong>cumque</strong></span> <span class='ocrx_word' id='word_1_114' title='bbox 490 1554 527 1596; x_wconf 92' lang='lat' dir='ltr'><strong>eo</strong></span> <span class='ocrx_word' id='word_1_115' title='bbox 548 1539 595 1615; x_wconf 92' lang='lat' dir='ltr'><strong>qui</strong></span> <span class='ocrx_word' id='word_1_116' title='bbox 610 1536 753 1615; x_wconf 88' lang='lat' dir='ltr'><strong>adoptarit</strong></span> <span class='ocrx_word' id='word_1_117' title='bbox 768 1539 937 1599; x_wconf 86' lang='lat' dir='ltr'><strong>amicissime</strong></span> <span class='ocrx_word' id='word_1_118' title='bbox 953 1536 1101 1597; x_wconf 88' lang='lat' dir='ltr'><strong>contendis</strong></span> 
     </span>
    </p>

    <p class='ocr_par' dir='ltr' id='par_1_8' title="bbox 53 1619 1102 2034">
     <span class='ocr_line' id='line_1_16' title="bbox 53 1619 1101 1699; baseline -0.005 -14"><span class='ocrx_word' id='word_1_119' title='bbox 53 1631 88 1685; x_wconf 80' lang='lat'><strong>15</strong></span> <span class='ocrx_word' id='word_1_120' title='bbox 100 1619 249 1699; x_wconf 77' lang='lat' dir='ltr'><strong>pulchrius</strong></span> <span class='ocrx_word' id='word_1_121' title='bbox 267 1619 353 1680; x_wconf 87' lang='lat' dir='ltr'><strong>fuerit</strong></span> <span class='ocrx_word' id='word_1_122' title='bbox 370 1623 506 1697; x_wconf 88' lang='lat' dir='ltr'><strong>genuisse</strong></span> <span class='ocrx_word' id='word_1_123' title='bbox 532 1621 617 1680; x_wconf 91' lang='lat' dir='ltr'><strong>talem</strong></span> <span class='ocrx_word' id='word_1_124' title='bbox 636 1639 671 1681; x_wconf 94' lang='lat' dir='ltr'><strong>an</strong></span> <span class='ocrx_word' id='word_1_125' title='bbox 691 1620 833 1699; x_wconf 82' lang='lat' dir='ltr'><strong>elegisse!</strong></span> <span class='ocrx_word' id='word_1_126' title='bbox 865 1620 960 1682; x_wconf 84' lang='lat' dir='ltr'><strong>blacta</strong></span> <span class='ocrx_word' id='word_1_127' title='bbox 982 1630 1101 1699; x_wconf 90' lang='lat' dir='ltr'><strong>uterque</strong></span> 
     </span>
     <span class='ocr_line' id='line_1_17' title="bbox 98 1701 1102 1782; baseline -0.001 -18"><span class='ocrx_word' id='word_1_128' title='bbox 98 1701 207 1782; x_wconf 85' lang='lat' dir='ltr'><strong>ingenti</strong></span> <span class='ocrx_word' id='word_1_129' title='bbox 222 1706 250 1763; x_wconf 92' lang='lat' dir='ltr'><strong>in</strong></span> <span class='ocrx_word' id='word_1_130' title='bbox 265 1722 325 1764; x_wconf 90' lang='lat' dir='ltr'><strong>rem</strong></span> <span class='ocrx_word' id='word_1_131' title='bbox 341 1703 484 1781; x_wconf 89' lang='lat' dir='ltr'><strong>publicam</strong></span> <span class='ocrx_word' id='word_1_132' title='bbox 497 1705 614 1781; x_wconf 85' lang='lat' dir='ltr'><strong>merito,</strong></span> <span class='ocrx_word' id='word_1_133' title='bbox 637 1707 682 1764; x_wconf 89' lang='lat' dir='ltr'><strong>cui</strong></span> <span class='ocrx_word' id='word_1_134' title='bbox 698 1706 754 1766; x_wconf 91' lang='lat' dir='ltr'><strong>hcc</strong></span> <span class='ocrx_word' id='word_1_135' title='bbox 774 1713 879 1766; x_wconf 90' lang='lat' dir='ltr'><strong>tantum</strong></span> <span class='ocrx_word' id='word_1_136' title='bbox 898 1705 965 1765; x_wconf 95' lang='lat' dir='ltr'><strong>boni</strong></span> <span class='ocrx_word' id='word_1_137' title='bbox 982 1703 1102 1765; x_wconf 91' lang='lat' dir='ltr'><strong>contuli·</strong></span> 
     </span>
     <span class='ocr_line' id='line_1_18' title="bbox 98 1786 1100 1868; baseline -0.001 -21"><span class='ocrx_word' id='word_1_138' title='bbox 98 1788 165 1849; x_wconf 88' lang='lat' dir='ltr'><strong>stis!</strong></span> <span class='ocrx_word' id='word_1_139' title='bbox 187 1786 268 1848; x_wconf 89' lang='lat' dir='ltr'><strong>Licet</strong></span> <span class='ocrx_word' id='word_1_140' title='bbox 281 1788 362 1847; x_wconf 89' lang='lat' dir='ltr'><strong>alteri</strong></span> <span class='ocrx_word' id='word_1_141' title='bbox 375 1798 503 1849; x_wconf 88' lang='lat' dir='ltr'><strong>vestrum</strong></span> <span class='ocrx_word' id='word_1_142' title='bbox 518 1787 566 1849; x_wconf 88' lang='lat' dir='ltr'><strong>lilii</strong></span> <span class='ocrx_word' id='word_1_143' title='bbox 584 1790 672 1850; x_wconf 91' lang='lat' dir='ltr'><strong>uirtus</strong></span> <span class='ocrx_word' id='word_1_144' title='bbox 688 1789 881 1868; x_wconf 89' lang='lat' dir='ltr'><strong>triumphalia,</strong></span> <span class='ocrx_word' id='word_1_145' title='bbox 894 1787 1004 1848; x_wconf 90' lang='lat' dir='ltr'><strong>caelum</strong></span> <span class='ocrx_word' id='word_1_146' title='bbox 1018 1788 1100 1847; x_wconf 92' lang='lat' dir='ltr'><strong>alteri</strong></span> 
     </span>
     <span class='ocr_line' id='line_1_19' title="bbox 99 1870 1102 1951; baseline -0.004 -18"><span class='ocrx_word' id='word_1_147' title='bbox 99 1871 227 1948; x_wconf 80' lang='lat' dir='ltr'><strong>dederit,</strong></span> <span class='ocrx_word' id='word_1_148' title='bbox 250 1889 306 1931; x_wconf 93' lang='lat' dir='ltr'><strong>non</strong></span> <span class='ocrx_word' id='word_1_149' title='bbox 326 1873 418 1931; x_wconf 90' lang='lat' dir='ltr'><strong>minor</strong></span> <span class='ocrx_word' id='word_1_150' title='bbox 436 1881 530 1933; x_wconf 89' lang='lat' dir='ltr'><strong>tamen</strong></span> <span class='ocrx_word' id='word_1_151' title='bbox 549 1881 645 1933; x_wconf 87' lang='lat' dir='ltr'><strong>rastra</strong></span> <span class='ocrx_word' id='word_1_152' title='bbox 663 1873 742 1951; x_wconf 90' lang='lat' dir='ltr'><strong>laus,</strong></span> <span class='ocrx_word' id='word_1_153' title='bbox 770 1872 847 1951; x_wconf 91' lang='lat' dir='ltr'><strong>quod</strong></span> <span class='ocrx_word' id='word_1_154' title='bbox 868 1874 923 1932; x_wconf 89' lang='lat' dir='ltr'><strong>ista</strong></span> <span class='ocrx_word' id='word_1_155' title='bbox 942 1889 996 1950; x_wconf 88' lang='lat' dir='ltr'><strong>per</strong></span> <span class='ocrx_word' id='word_1_156' title='bbox 1016 1870 1102 1930; x_wconf 88' lang='lat' dir='ltr'><strong>filium</strong></span> 
     </span>
     <span class='ocr_line' id='line_1_20' title="bbox 100 1956 485 2034; baseline -0.005 -20"><span class='ocrx_word' id='word_1_157' title='bbox 100 1957 218 2034; x_wconf 90' lang='lat' dir='ltr'><strong>quamsi</strong></span> <span class='ocrx_word' id='word_1_158' title='bbox 232 1956 287 2033; x_wconf 90' lang='lat' dir='ltr'><strong>ipsi</strong></span> <span class='ocrx_word' id='word_1_159' title='bbox 298 1957 485 2015; x_wconf 78' lang='lat' dir='ltr'><strong>meruissetis.</strong></span> 
     </span>
    </p>

    <p class='ocr_par' dir='ltr' id='par_1_9' title="bbox 50 2033 1152 2369">
     <span class='ocr_line' id='line_1_21' title="bbox 50 2033 1152 2118; baseline -0.003 -17"><span class='ocrx_word' id='word_1_160' title='bbox 50 2050 90 2103; x_wconf 78' lang='lat'><strong>20</strong></span> <span class='ocrx_word' id='word_1_161' title='bbox 163 2039 248 2116; x_wconf 90' lang='lat' dir='ltr'><strong>Scio,</strong></span> <span class='ocrx_word' id='word_1_162' title='bbox 265 2048 362 2118; x_wconf 86' lang='lat' dir='ltr'><strong>patres</strong></span> <span class='ocrx_word' id='word_1_163' title='bbox 377 2040 549 2116; x_wconf 79' lang='lat' dir='ltr'><strong>conscripti,</strong></span> <span class='ocrx_word' id='word_1_164' title='bbox 566 2056 630 2098; x_wconf 88' lang='lat' dir='ltr'><strong>curn</strong></span> <span class='ocrx_word' id='word_1_165' title='bbox 648 2048 762 2098; x_wconf 89' lang='lat' dir='ltr'><strong>eeteros</strong></span> <span class='ocrx_word' id='word_1_166' title='bbox 779 2039 856 2098; x_wconf 88' lang='lat' dir='ltr'><strong>cives</strong></span> <span class='ocrx_word' id='word_1_167' title='bbox 871 2046 929 2097; x_wconf 93' lang='lat' dir='ltr'><strong>tum</strong></span> <span class='ocrx_word' id='word_1_168' title='bbox 945 2033 1152 2116; x_wconf 80' lang='lat' dir='ltr'><strong>praecipue90</strong></span> 
     </span>
     <span class='ocr_line' id='line_1_22' title="bbox 100 2121 1101 2201; baseline -0.002 -19"><span class='ocrx_word' id='word_1_169' title='bbox 100 2121 235 2184; x_wconf 90' lang='lat' dir='ltr'><strong>consules</strong></span> <span class='ocrx_word' id='word_1_170' title='bbox 257 2131 392 2201; x_wconf 83' lang='lat' dir='ltr'><strong>oportere</strong></span> <span class='ocrx_word' id='word_1_171' title='bbox 410 2124 452 2182; x_wconf 91' lang='lat' dir='ltr'><strong>sic</strong></span> <span class='ocrx_word' id='word_1_172' title='bbox 473 2121 555 2181; x_wconf 93' lang='lat' dir='ltr'><strong>adlici</strong></span> <span class='ocrx_word' id='word_1_173' title='bbox 574 2131 606 2181; x_wconf 92' lang='lat' dir='ltr'><strong>ut</strong></span> <span class='ocrx_word' id='word_1_174' title='bbox 625 2140 659 2182; x_wconf 87' lang='lat' dir='ltr'><strong>se</strong></span> <span class='ocrx_word' id='word_1_175' title='bbox 673 2121 792 2200; x_wconf 88' lang='lat' dir='ltr'><strong>publica</strong></span> <span class='ocrx_word' id='word_1_176' title='bbox 806 2123 895 2199; x_wconf 90' lang='lat' dir='ltr'><strong>magis</strong></span> <span class='ocrx_word' id='word_1_177' title='bbox 912 2138 994 2200; x_wconf 90' lang='lat' dir='ltr'><strong>quam</strong></span> <span class='ocrx_word' id='word_1_178' title='bbox 1008 2125 1101 2200; x_wconf 86' lang='lat' dir='ltr'><strong>priva-</strong></span> 
     </span>
     <span class='ocr_line' id='line_1_23' title="bbox 98 2203 1102 2284; baseline -0.002 -18"><span class='ocrx_word' id='word_1_179' title='bbox 98 2209 149 2266; x_wconf 89' lang='lat' dir='ltr'><strong>tim</strong></span> <span class='ocrx_word' id='word_1_180' title='bbox 163 2205 305 2284; x_wconf 90' lang='lat' dir='ltr'><strong>obligatos</strong></span> <span class='ocrx_word' id='word_1_181' title='bbox 320 2215 428 2284; x_wconf 90' lang='lat' dir='ltr'><strong>putent.</strong></span> <span class='ocrx_word' id='word_1_182' title='bbox 455 2205 492 2266; x_wconf 88' lang='lat' dir='ltr'><strong>Ut</strong></span> <span class='ocrx_word' id='word_1_183' title='bbox 505 2207 580 2265; x_wconf 87' lang='lat' dir='ltr'><strong>enim</strong></span> <span class='ocrx_word' id='word_1_184' title='bbox 592 2203 682 2266; x_wconf 89' lang='lat' dir='ltr'><strong>malos</strong></span> <span class='ocrx_word' id='word_1_185' title='bbox 695 2207 841 2284; x_wconf 88' lang='lat' dir='ltr'><strong>principes</strong></span> <span class='ocrx_word' id='word_1_186' title='bbox 854 2207 962 2266; x_wconf 89' lang='lat' dir='ltr'><strong>rectius</strong></span> <span class='ocrx_word' id='word_1_187' title='bbox 978 2205 1102 2283; x_wconf 88' lang='lat' dir='ltr'><strong>pulchri·</strong></span> 
     </span>
     <span class='ocr_line' id='line_1_24' title="bbox 99 2288 1102 2369; baseline 0 -20"><span class='ocrx_word' id='word_1_188' title='bbox 99 2309 191 2369; x_wconf 92' lang='lat' dir='ltr'><strong>usque</strong></span> <span class='ocrx_word' id='word_1_189' title='bbox 206 2299 251 2351; x_wconf 91' lang='lat' dir='ltr'><strong>est</strong></span> <span class='ocrx_word' id='word_1_190' title='bbox 273 2308 311 2350; x_wconf 85' lang='lat' dir='ltr'><strong>ax</strong></span> <span class='ocrx_word' id='word_1_191' title='bbox 332 2289 526 2350; x_wconf 90' lang='lat' dir='ltr'><strong>communibus</strong></span> <span class='ocrx_word' id='word_1_192' title='bbox 545 2289 654 2350; x_wconf 89' lang='lat' dir='ltr'><strong>iniuriis</strong></span> <span class='ocrx_word' id='word_1_193' title='bbox 675 2288 771 2350; x_wconf 89' lang='lat' dir='ltr'><strong>odisse</strong></span> <span class='ocrx_word' id='word_1_194' title='bbox 791 2307 874 2369; x_wconf 89' lang='lat' dir='ltr'><strong>quum</strong></span> <span class='ocrx_word' id='word_1_195' title='bbox 895 2289 1035 2368; x_wconf 89' lang='lat' dir='ltr'><strong>propriis,</strong></span> <span class='ocrx_word' id='word_1_196' title='bbox 1063 2291 1102 2350; x_wconf 91' lang='lat' dir='ltr'><strong>ita</strong></span> 
     </span>
    </p>

    <p class='ocr_par' dir='ltr' id='par_1_10' title="bbox 10 2373 1103 2703">
     <span class='ocr_line' id='line_1_25' title="bbox 10 2373 1101 2453; baseline -0.001 -19"><span class='ocrx_word' id='word_1_197' title='bbox 10 2397 11 2404; x_wconf 47' lang='lat'>¹</span> <span class='ocrx_word' id='word_1_198' title='bbox 99 2375 166 2434; x_wconf 90' lang='lat' dir='ltr'><strong>boni</strong></span> <span class='ocrx_word' id='word_1_199' title='bbox 181 2375 343 2453; x_wconf 86' lang='lat' dir='ltr'><strong>speciosius</strong></span> <span class='ocrx_word' id='word_1_200' title='bbox 355 2383 480 2433; x_wconf 87' lang='lat' dir='ltr'><strong>amantur</strong></span> <span class='ocrx_word' id='word_1_201' title='bbox 495 2373 532 2434; x_wconf 92' lang='lat' dir='ltr'><strong>ub</strong></span> <span class='ocrx_word' id='word_1_202' title='bbox 548 2391 582 2433; x_wconf 89' lang='lat' dir='ltr'><strong>ea</strong></span> <span class='ocrx_word' id='word_1_203' title='bbox 596 2390 668 2452; x_wconf 88' lang='lat' dir='ltr'><strong>quae</strong></span> <span class='ocrx_word' id='word_1_204' title='bbox 681 2375 782 2451; x_wconf 83' lang='lat' dir='ltr'><strong>generi</strong></span> <span class='ocrx_word' id='word_1_205' title='bbox 794 2373 914 2433; x_wconf 90' lang='lat' dir='ltr'><strong>lrumano</strong></span> <span class='ocrx_word' id='word_1_206' title='bbox 929 2389 1011 2452; x_wconf 91' lang='lat' dir='ltr'><strong>quam</strong></span> <span class='ocrx_word' id='word_1_207' title='bbox 1028 2390 1101 2451; x_wconf 86' lang='lat' dir='ltr'><strong>quae</strong></span> 
     </span>
     <span class='ocr_line' id='line_1_26' title="bbox 50 2456 1102 2539; baseline -0.005 -17"><span class='ocrx_word' id='word_1_208' title='bbox 50 2458 257 2522; x_wconf 66' lang='lat' dir='ltr'><strong>athominibus</strong></span> <span class='ocrx_word' id='word_1_209' title='bbox 278 2466 432 2539; x_wconf 84' lang='lat' dir='ltr'><strong>praestant.</strong></span> <span class='ocrx_word' id='word_1_210' title='bbox 466 2456 538 2530; x_wconf 80' lang='lat' dir='ltr'><strong>Quia</strong></span> <span class='ocrx_word' id='word_1_211' title='bbox 558 2458 693 2518; x_wconf 89' lang='lat' dir='ltr'><strong>tamenin</strong></span> <span class='ocrx_word' id='word_1_212' title='bbox 714 2456 948 2518; x_wconf 89' lang='lat' dir='ltr'><strong>consuetudinem</strong></span> <span class='ocrx_word' id='word_1_213' title='bbox 967 2458 1052 2517; x_wconf 87' lang='lat' dir='ltr'><strong>vertit</strong></span> <span class='ocrx_word' id='word_1_214' title='bbox 1072 2467 1102 2517; x_wconf 93' lang='lat' dir='ltr'><strong>ut</strong></span> 
     </span>
     <span class='ocr_line' id='line_1_27' title="bbox 99 2541 1101 2621; baseline -0.001 -20"><span class='ocrx_word' id='word_1_215' title='bbox 99 2541 252 2618; x_wconf 88' lang='lat' dir='ltr'><strong>consules,</strong></span> <span class='ocrx_word' id='word_1_216' title='bbox 272 2541 386 2621; x_wconf 88' lang='lat' dir='ltr'><strong>publica</strong></span> <span class='ocrx_word' id='word_1_217' title='bbox 405 2543 555 2618; x_wconf 90' lang='lat' dir='ltr'><strong>gratiarum</strong></span> <span class='ocrx_word' id='word_1_218' title='bbox 575 2542 686 2600; x_wconf 87' lang='lat' dir='ltr'><strong>actione</strong></span> <span class='ocrx_word' id='word_1_219' title='bbox 707 2541 834 2618; x_wconf 88' lang='lat' dir='ltr'><strong>perlata,</strong></span> <span class='ocrx_word' id='word_1_220' title='bbox 856 2557 908 2600; x_wconf 92' lang='lat' dir='ltr'><strong>suo</strong></span> <span class='ocrx_word' id='word_1_221' title='bbox 925 2557 1101 2618; x_wconf 86' lang='lat' dir='ltr'><strong>quoquene-</strong></span> 
     </span>
     <span class='ocr_line' id='line_1_28' title="bbox 96 2624 1103 2703; baseline 0.001 -20"><span class='ocrx_word' id='word_1_222' title='bbox 96 2627 173 2685; x_wconf 89' lang='lat' dir='ltr'><strong>mine</strong></span> <span class='ocrx_word' id='word_1_223' title='bbox 191 2633 321 2703; x_wconf 87' lang='lat' dir='ltr'><strong>quantum</strong></span> <span class='ocrx_word' id='word_1_224' title='bbox 335 2624 458 2684; x_wconf 87' lang='lat' dir='ltr'><strong>debeant</strong></span> <span class='ocrx_word' id='word_1_225' title='bbox 470 2626 592 2702; x_wconf 88' lang='lat' dir='ltr'><strong>principi</strong></span> <span class='ocrx_word' id='word_1_226' title='bbox 607 2625 807 2702; x_wconf 82' lang='lat' dir='ltr'><strong>profiteantur,</strong></span> <span class='ocrx_word' id='word_1_227' title='bbox 824 2625 973 2685; x_wconf 89' lang='lat' dir='ltr'><strong>concedite</strong></span> <span class='ocrx_word' id='word_1_228' title='bbox 989 2640 1103 2684; x_wconf 91' lang='lat' dir='ltr'><strong>menon</strong></span> 
     </span>
    </p>

    <p class='ocr_par' dir='ltr' id='par_1_11' title="bbox 98 2705 1101 2870">
     <span class='ocr_line' id='line_1_29' title="bbox 98 2705 1101 2788; baseline 0 -21"><span class='ocrx_word' id='word_1_229' title='bbox 98 2726 151 2788; x_wconf 95' lang='lat' dir='ltr'><strong>pro</strong></span> <span class='ocrx_word' id='word_1_230' title='bbox 172 2726 217 2767; x_wconf 90' lang='lat' dir='ltr'><strong>me</strong></span> <span class='ocrx_word' id='word_1_231' title='bbox 237 2708 326 2785; x_wconf 88' lang='lat' dir='ltr'><strong>magis</strong></span> <span class='ocrx_word' id='word_1_232' title='bbox 348 2726 466 2769; x_wconf 89' lang='lat' dir='ltr'><strong>munere</strong></span> <span class='ocrx_word' id='word_1_233' title='bbox 488 2710 544 2768; x_wconf 90' lang='lat' dir='ltr'><strong>isto</strong></span> <span class='ocrx_word' id='word_1_234' title='bbox 558 2705 647 2786; x_wconf 62' lang='lat' dir='ltr'><strong>&#39;quam</strong></span> <span class='ocrx_word' id='word_1_235' title='bbox 668 2725 720 2786; x_wconf 93' lang='lat' dir='ltr'><strong>pro</strong></span> <span class='ocrx_word' id='word_1_236' title='bbox 744 2707 858 2785; x_wconf 86' lang='lat' dir='ltr'><strong>collega</strong></span> <span class='ocrx_word' id='word_1_237' title='bbox 882 2725 947 2768; x_wconf 87' lang='lat' dir='ltr'><strong>meo</strong></span> <span class='ocrx_word' id='word_1_238' title='bbox 974 2705 1101 2767; x_wconf 80' lang='lat' dir='ltr'><strong>Cornuto</strong></span> 
     </span>
     <span class='ocr_line' id='line_1_30' title="bbox 99 2789 1101 2870; baseline -0.002 -18"><span class='ocrx_word' id='word_1_239' title='bbox 99 2790 245 2869; x_wconf 86' lang='lat' dir='ltr'><strong>Tertullo,</strong></span> <span class='ocrx_word' id='word_1_240' title='bbox 267 2792 423 2851; x_wconf 89' lang='lat' dir='ltr'><strong>clarissimo</strong></span> <span class='ocrx_word' id='word_1_241' title='bbox 441 2793 521 2869; x_wconf 84' lang='lat' dir='ltr'><strong>viro,</strong></span> <span class='ocrx_word' id='word_1_242' title='bbox 548 2791 638 2869; x_wconf 87' lang='lat' dir='ltr'><strong>iungi.</strong></span> <span class='ocrx_word' id='word_1_243' title='bbox 665 2789 723 2850; x_wconf 82' lang='lat' dir='ltr'><strong>Gur</strong></span> <span class='ocrx_word' id='word_1_244' title='bbox 737 2793 810 2852; x_wconf 91' lang='lat' dir='ltr'><strong>enim</strong></span> <span class='ocrx_word' id='word_1_245' title='bbox 823 2809 880 2850; x_wconf 92' lang='lat' dir='ltr'><strong>uon</strong></span> <span class='ocrx_word' id='word_1_246' title='bbox 897 2808 950 2870; x_wconf 93' lang='lat' dir='ltr'><strong>pro</strong></span> <span class='ocrx_word' id='word_1_247' title='bbox 964 2789 1015 2850; x_wconf 91' lang='lat' dir='ltr'><strong>illo</strong></span> <span class='ocrx_word' id='word_1_248' title='bbox 1031 2807 1101 2868; x_wconf 94' lang='lat' dir='ltr'><strong>quo-</strong></span> 
     </span>
    </p>

    <p class='ocr_par' dir='ltr' id='par_1_12' title="bbox 51 2871 1103 3289">
     <span class='ocr_line' id='line_1_31' title="bbox 51 2871 1103 2954; baseline -0.005 -15"><span class='ocrx_word' id='word_1_249' title='bbox 51 2885 91 2939; x_wconf 81' lang='lat'><strong>30</strong></span> <span class='ocrx_word' id='word_1_250' title='bbox 101 2893 158 2953; x_wconf 88' lang='lat' dir='ltr'><strong>que</strong></span> <span class='ocrx_word' id='word_1_251' title='bbox 174 2877 278 2952; x_wconf 90' lang='lat' dir='ltr'><strong>gratias</strong></span> <span class='ocrx_word' id='word_1_252' title='bbox 290 2892 387 2952; x_wconf 88' lang='lat' dir='ltr'><strong>agam,</strong></span> <span class='ocrx_word' id='word_1_253' title='bbox 403 2893 456 2954; x_wconf 92' lang='lat' dir='ltr'><strong>pro</strong></span> <span class='ocrx_word' id='word_1_254' title='bbox 472 2892 528 2954; x_wconf 93' lang='lat' dir='ltr'><strong>quo</strong></span> <span class='ocrx_word' id='word_1_255' title='bbox 544 2893 600 2935; x_wconf 93' lang='lat' dir='ltr'><strong>non</strong></span> <span class='ocrx_word' id='word_1_256' title='bbox 613 2877 705 2935; x_wconf 89' lang='lat' dir='ltr'><strong>minus</strong></span> <span class='ocrx_word' id='word_1_257' title='bbox 717 2871 834 2936; x_wconf 86' lang='lat' dir='ltr'><strong>debeol</strong></span> <span class='ocrx_word' id='word_1_258' title='bbox 854 2875 1023 2953; x_wconf 87' lang='lat' dir='ltr'><strong>praesertim</strong></span> <span class='ocrx_word' id='word_1_259' title='bbox 1039 2893 1103 2934; x_wconf 91' lang='lat' dir='ltr'><strong>cum</strong></span> 
     </span>
     <span class='ocr_line' id='line_1_32' title="bbox 97 2957 1102 3039; baseline -0.001 -20"><span class='ocrx_word' id='word_1_260' title='bbox 97 2957 358 3036; x_wconf 88' lang='lat' dir='ltr'><strong>indulgentissimus</strong></span> <span class='ocrx_word' id='word_1_261' title='bbox 376 2961 575 3039; x_wconf 88' lang='lat' dir='ltr'><strong>imperatorin</strong></span> <span class='ocrx_word' id='word_1_262' title='bbox 596 2958 748 3020; x_wconf 89' lang='lat' dir='ltr'><strong>concordia</strong></span> <span class='ocrx_word' id='word_1_263' title='bbox 767 2968 864 3019; x_wconf 89' lang='lat' dir='ltr'><strong>nostra</strong></span> <span class='ocrx_word' id='word_1_264' title='bbox 878 2977 913 3019; x_wconf 88' lang='lat' dir='ltr'><strong>ea</strong></span> <span class='ocrx_word' id='word_1_265' title='bbox 928 2959 1102 3037; x_wconf 88' lang='lat' dir='ltr'><strong>praestiterit</strong></span> 
     </span>
     <span class='ocr_line' id='line_1_33' title="bbox 98 3042 1103 3121; baseline 0 -19"><span class='ocrx_word' id='word_1_266' title='bbox 98 3043 237 3103; x_wconf 91' lang='lat' dir='ltr'><strong>ambobus</strong></span> <span class='ocrx_word' id='word_1_267' title='bbox 256 3059 329 3121; x_wconf 87' lang='lat' dir='ltr'><strong>quae</strong></span> <span class='ocrx_word' id='word_1_268' title='bbox 348 3045 373 3104; x_wconf 90' lang='lat' dir='ltr'><strong>si</strong></span> <span class='ocrx_word' id='word_1_269' title='bbox 388 3053 494 3104; x_wconf 90' lang='lat' dir='ltr'><strong>tantum</strong></span> <span class='ocrx_word' id='word_1_270' title='bbox 508 3045 536 3105; x_wconf 90' lang='lat' dir='ltr'><strong>iu</strong></span> <span class='ocrx_word' id='word_1_271' title='bbox 550 3042 669 3103; x_wconf 89' lang='lat' dir='ltr'><strong>alterurn</strong></span> <span class='ocrx_word' id='word_1_272' title='bbox 683 3042 869 3120; x_wconf 86' lang='lat' dir='ltr'><strong>contulisset,</strong></span> <span class='ocrx_word' id='word_1_273' title='bbox 890 3042 990 3102; x_wconf 89' lang='lat' dir='ltr'><strong>ambos</strong></span> <span class='ocrx_word' id='word_1_274' title='bbox 1008 3051 1103 3102; x_wconf 90' lang='lat' dir='ltr'><strong>tamen</strong></span> 
     </span>
     <span class='ocr_line' id='line_1_34' title="bbox 99 3125 1102 3207; baseline 0 -22"><span class='ocrx_word' id='word_1_275' title='bbox 99 3125 256 3207; x_wconf 88' lang='lat' dir='ltr'><strong>aequaliter</strong></span> <span class='ocrx_word' id='word_1_276' title='bbox 276 3125 443 3204; x_wconf 75' lang='lat' dir='ltr'><strong>obligasset.</strong></span> <span class='ocrx_word' id='word_1_277' title='bbox 471 3127 626 3206; x_wconf 88' lang='lat' dir='ltr'><strong>Utrumque</strong></span> <span class='ocrx_word' id='word_1_278' title='bbox 640 3136 768 3186; x_wconf 89' lang='lat' dir='ltr'><strong>nostrum</strong></span> <span class='ocrx_word' id='word_1_279' title='bbox 781 3125 831 3186; x_wconf 91' lang='lat' dir='ltr'><strong>ille</strong></span> <span class='ocrx_word' id='word_1_280' title='bbox 848 3127 945 3205; x_wconf 92' lang='lat' dir='ltr'><strong>optimi</strong></span> <span class='ocrx_word' id='word_1_281' title='bbox 964 3125 1102 3202; x_wconf 89' lang='lat' dir='ltr'><strong>cuiusque</strong></span> 
     </span>
     <span class='ocr_line' id='line_1_35' title="bbox 98 3209 1102 3289; baseline -0.002 -19"><span class='ocrx_word' id='word_1_282' title='bbox 98 3209 236 3289; x_wconf 86' lang='lat' dir='ltr'><strong>spoliator</strong></span> <span class='ocrx_word' id='word_1_283' title='bbox 252 3218 281 3270; x_wconf 87' lang='lat' dir='ltr'><strong>et</strong></span> <span class='ocrx_word' id='word_1_284' title='bbox 297 3209 425 3271; x_wconf 84' lang='lat' dir='ltr'><strong>carnifex</strong></span> <span class='ocrx_word' id='word_1_285' title='bbox 440 3211 581 3289; x_wconf 77' lang='lat' dir='ltr'><strong>stragibus</strong></span> <span class='ocrx_word' id='word_1_286' title='bbox 599 3212 751 3271; x_wconf 86' lang='lat' dir='ltr'><strong>amicorum</strong></span> <span class='ocrx_word' id='word_1_287' title='bbox 766 3219 795 3270; x_wconf 88' lang='lat' dir='ltr'><strong>ct</strong></span> <span class='ocrx_word' id='word_1_288' title='bbox 810 3211 839 3268; x_wconf 91' lang='lat' dir='ltr'><strong>in</strong></span> <span class='ocrx_word' id='word_1_289' title='bbox 856 3211 1013 3288; x_wconf 89' lang='lat' dir='ltr'><strong>proximum</strong></span> <span class='ocrx_word' id='word_1_290' title='bbox 1027 3210 1102 3268; x_wconf 88' lang='lat' dir='ltr'><strong>iacto</strong></span> 
     </span>
    </p>

    <p class='ocr_par' dir='ltr' id='par_1_13' title="bbox 53 3291 1129 3623">
     <span class='ocr_line' id='line_1_36' title="bbox 53 3291 1129 3374; baseline -0.005 -18"><span class='ocrx_word' id='word_1_291' title='bbox 53 3302 90 3356; x_wconf 80' lang='lat'><strong>35</strong></span> <span class='ocrx_word' id='word_1_292' title='bbox 99 3292 216 3353; x_wconf 80' lang='lat' dir='ltr'><strong>fulmine</strong></span> <span class='ocrx_word' id='word_1_293' title='bbox 232 3294 392 3357; x_wconf 83' lang='lat' dir='ltr'><strong>adflaverat.</strong></span> <span class='ocrx_word' id='word_1_294' title='bbox 429 3293 524 3355; x_wconf 88' lang='lat' dir='ltr'><strong>Isdem</strong></span> <span class='ocrx_word' id='word_1_295' title='bbox 545 3297 619 3355; x_wconf 89' lang='lat' dir='ltr'><strong>enim</strong></span> <span class='ocrx_word' id='word_1_296' title='bbox 635 3295 732 3356; x_wconf 89' lang='lat' dir='ltr'><strong>amicis</strong></span> <span class='ocrx_word' id='word_1_297' title='bbox 753 3293 960 3372; x_wconf 84' lang='lat' dir='ltr'><strong>gloriabamur,</strong></span> <span class='ocrx_word' id='word_1_298' title='bbox 985 3291 1103 3353; x_wconf 87' lang='lat' dir='ltr'><strong>eosdem</strong></span> <span class='ocrx_word' id='word_1_299' title='bbox 1124 3365 1129 3374; x_wconf 31' lang='lat'>¹</span> 
     </span>
     <span class='ocr_line' id='line_1_37' title="bbox 98 3376 1104 3458; baseline 0.004 -24"><span class='ocrx_word' id='word_1_300' title='bbox 98 3377 220 3437; x_wconf 90' lang='lat' dir='ltr'><strong>amissos</strong></span> <span class='ocrx_word' id='word_1_301' title='bbox 235 3376 418 3455; x_wconf 79' lang='lat' dir='ltr'><strong>lugebamus,</strong></span> <span class='ocrx_word' id='word_1_302' title='bbox 440 3396 475 3439; x_wconf 91' lang='lat' dir='ltr'><strong>ac</strong></span> <span class='ocrx_word' id='word_1_303' title='bbox 490 3380 563 3438; x_wconf 92' lang='lat' dir='ltr'><strong>sicut</strong></span> <span class='ocrx_word' id='word_1_304' title='bbox 578 3397 659 3442; x_wconf 83' lang='lat' dir='ltr'><strong>nuuc</strong></span> <span class='ocrx_word' id='word_1_305' title='bbox 677 3397 746 3458; x_wconf 81' lang='lat' dir='ltr'><strong>spes</strong></span> <span class='ocrx_word' id='word_1_306' title='bbox 763 3377 970 3456; x_wconf 88' lang='lat' dir='ltr'><strong>gaudiumque,</strong></span> <span class='ocrx_word' id='word_1_307' title='bbox 986 3377 1025 3436; x_wconf 91' lang='lat' dir='ltr'><strong>ita</strong></span> <span class='ocrx_word' id='word_1_308' title='bbox 1036 3385 1104 3438; x_wconf 90' lang='lat' dir='ltr'><strong>tunc</strong></span> 
     </span>
     <span class='ocr_line' id='line_1_38' title="bbox 100 3459 1104 3523; baseline -0.002 -3"><span class='ocrx_word' id='word_1_309' title='bbox 100 3463 258 3520; x_wconf 90' lang='lat' dir='ltr'><strong>communis</strong></span> <span class='ocrx_word' id='word_1_310' title='bbox 272 3462 355 3522; x_wconf 89' lang='lat' dir='ltr'><strong>nubis</strong></span> <span class='ocrx_word' id='word_1_311' title='bbox 370 3461 494 3522; x_wconf 91' lang='lat' dir='ltr'><strong>doloret</strong></span> <span class='ocrx_word' id='word_1_312' title='bbox 510 3473 601 3523; x_wconf 90' lang='lat' dir='ltr'><strong>metus</strong></span> <span class='ocrx_word' id='word_1_313' title='bbox 616 3471 685 3522; x_wconf 87' lang='lat' dir='ltr'><strong>erat.</strong></span> <span class='ocrx_word' id='word_1_314' title='bbox 718 3460 860 3522; x_wconf 87' lang='lat' dir='ltr'><strong>Habuerat</strong></span> <span class='ocrx_word' id='word_1_315' title='bbox 874 3461 949 3520; x_wconf 92' lang='lat' dir='ltr'><strong>bunc</strong></span> <span class='ocrx_word' id='word_1_316' title='bbox 966 3459 1104 3519; x_wconf 90' lang='lat' dir='ltr'><strong>bonorem</strong></span> 
     </span>
     <span class='ocr_line' id='line_1_39' title="bbox 97 3543 1103 3623; baseline -0.002 -19"><span class='ocrx_word' id='word_1_317' title='bbox 97 3543 235 3623; x_wconf 89' lang='lat' dir='ltr'><strong>periculis</strong></span> <span class='ocrx_word' id='word_1_318' title='bbox 257 3546 365 3605; x_wconf 86' lang='lat' dir='ltr'><strong>nostris</strong></span> <span class='ocrx_word' id='word_1_319' title='bbox 383 3545 464 3605; x_wconf 89' lang='lat' dir='ltr'><strong>divus</strong></span> <span class='ocrx_word' id='word_1_320' title='bbox 489 3545 584 3606; x_wconf 88' lang='lat' dir='ltr'><strong>Nerva</strong></span> <span class='ocrx_word' id='word_1_321' title='bbox 605 3555 636 3606; x_wconf 92' lang='lat' dir='ltr'><strong>ut</strong></span> <span class='ocrx_word' id='word_1_322' title='bbox 656 3564 727 3623; x_wconf 90' lang='lat' dir='ltr'><strong>nos,</strong></span> <span class='ocrx_word' id='word_1_323' title='bbox 754 3547 808 3606; x_wconf 84' lang='lat' dir='ltr'><strong>etsi</strong></span> <span class='ocrx_word' id='word_1_324' title='bbox 830 3547 920 3606; x_wconf 91' lang='lat' dir='ltr'><strong>minus</strong></span> <span class='ocrx_word' id='word_1_325' title='bbox 947 3552 977 3603; x_wconf 89' lang='lat' dir='ltr'><strong>nt</strong></span> <span class='ocrx_word' id='word_1_326' title='bbox 1000 3544 1103 3623; x_wconf 87' lang='lat' dir='ltr'><strong>bonos,</strong></span> 
     </span>
    </p>
   </div>
   <div class='ocr_carea' id='block_1_3' title="bbox 0 0 1294 3970">
    <p class='ocr_par' dir='ltr' id='par_1_14' title="bbox 0 0 1294 3970">
     <span class='ocr_line' id='line_1_40' title="bbox 0 0 1294 3970; baseline 0 0"><span class='ocrx_word' id='word_1_327' title='bbox 0 0 1294 3970; x_wconf 95' lang='lat' dir='ltr'><strong> </strong></span> 
     </span>
    </p>
   </div>
  </div>
 </body>
</html>
