2580 3978
164 249 206 308 22
590 245 624 310 G.
646 249 743 310 PLlNl

164 409 261 476 grata,
277 417 314 459 eo
328 403 463 477 maxime,
483 400 560 479 quod
574 402 749 481 exprobrare
764 401 908 464 stultitiam
923 402 1036 463 domino
1047 403 1171 464 videtur.

139 482 196 543 31n
215 483 271 543 boc
283 493 377 544 autern
387 484 496 563 agello,
516 485 639 546 simodo
657 485 788 546 adriserit
799 487 931 565 pretium,
947 484 1102 564 Tranquilli
1113 489 1171 548 mei

61 603 63 606 .
164 565 340 627 stomachum
351 568 438 630 multa
449 567 615 647 sollicitant,
629 570 761 632 vicinitas
772 571 868 648 urbis,
885 571 1082 648 opportunitas
1092 572 1170 648 viae,

163 649 347 712 rnediocritas
359 650 457 729 villae,
473 651 573 714 modus
586 653 672 729 ruris,
689 655 736 730 qui
748 663 852 714 avocet
862 655 952 732 magis
964 671 1046 732 quarn
1058 654 1171 715 distrin-

141 741 226 812 4gat.
238 733 426 797 Scholasticis
439 753 527 815 porro
541 736 673 814 dominis,
687 745 717 796 ut
731 735 778 796 lric
793 746 850 814 est,
865 737 972 797 suflicit
986 737 1098 800 abunde
1110 747 1193 798 unc

164 827 222 878 turn
236 818 291 879 soli
305 828 335 879 ut
345 818 476 881 relevare
494 829 593 899 caput,
605 821 727 881 relicere
738 819 850 898 oculos,
862 830 977 899 reptare
989 838 1043 899 per
1052 820 1171 881 limitem

1281 209 1282 240 l

1281 277 1282 322 l

165 919 305 981 unamque
317 905 444 963 semitam
458 913 555 965 terere
570 907 719 982 omnisque
735 903 877 964 viteculas
891 922 957 965 suas
971 921 1059 965 nosse
1075 914 1104 965 et
1118 924 1169 964 nu·

164 1003 274 1046 merare
293 985 459 1067 arbusculas
475 989 596 1067 possint.
616 987 696 1049 Haec
710 988 762 1048 tibi
777 988 917 1066 exposui,
934 1004 990 1066 quo
1004 989 1094 1065 magis
1113 991 1170 1049 sci·

164 1087 212 1129 res
228 1079 360 1149 qnantum
375 1081 454 1133 esset
467 1071 519 1133 ille
533 1071 617 1149 mibi,
634 1071 757 1150 egotibi
773 1070 934 1148 debiturus,
953 1071 979 1131 si
993 1071 1170 1150 praediolum

164 1152 251 1230 istud,
271 1154 347 1232 quod
361 1154 572 1217 commendatur
586 1155 632 1218 his
647 1156 772 1229 dotibus,
788 1165 844 1215 tam
860 1155 1011 1216 salubriter
1025 1157 1128 1216 emerit
1139 1165 1169 1218 ut
1178 1169 1212 1222 10

164 1237 356 1315 paenitentiae
370 1238 465 1300 locum
480 1257 538 1299 non
552 1239 703 1318 relinquat.
734 1236 817 1298 Vale.

570 1433 765 1441 ..---οα---ο

1179 1582 1212 1632 15

383 1620 420 1702 c.
450 1621 560 1701 run
590 1620 748 1703 onucrn
775 1614 951 1705 succum

284 1773 314 1886 U
357 1776 388 1886 l
429 1775 448 1886 l
492 1776 515 1886 U
557 1775 587 1886 U
628 1773 663 1888 U
706 1775 734 1886 l
777 1778 810 1888 l
853 1777 889 1889 U
929 1776 964 1891 U
1005 1775 1046 1889 U

514 1965 612 2020 LIBER
632 1963 823 2022 SECUNDUS.

656 2126 679 2188 l.

443 2227 470 2276 c.
488 2226 613 2278 rurnms
631 2227 766 2279 consuo
786 2226 846 2278 suo
863 2226 891 2278 a.

141 2341 157 2391 1
226 2328 294 2389 Post
309 2327 418 2405 aliquot
433 2345 521 2387 annos
536 2329 648 2406 insigne
666 2337 754 2406 atquc
769 2330 853 2388 etiam
866 2325 1052 2388 memorabile
1068 2324 1170 2406 populi

165 2411 285 2472 Romani
306 2410 397 2473 oculis
416 2411 612 2490 spectaculum
635 2411 762 2472 exhibuit
782 2410 928 2490 publicum
949 2411 1032 2471 ianus
1052 2408 1214 2488 Verginius

164 2494 240 2572 Ruli,
257 2496 369 2555 maximi
384 2505 414 2555 et
430 2493 578 2555 clarissimi
594 2496 682 2574 civis,
707 2495 826 2575 perinde
842 2495 947 2557 ieliois.
980 2492 1107 2572 Triginta
1122 2512 1171 2554 an·

145 2580 213 2641 bnis
227 2577 336 2656 gloriae
351 2596 419 2639 suae
434 2581 602 2655 superuixit.
624 2578 707 2657 Legit
721 2582 828 2659 scripta
842 2580 878 2640 de
896 2598 929 2641 se
944 2580 1082 2656 carmina,
1097 2576 1171 2656 legit

165 2662 298 2724 historias
314 2671 343 2724 et
357 2664 517 2742 posteritati
531 2681 600 2723 suae
610 2663 748 2725 interluit.
767 2663 935 2725 Perfunctus
948 2672 993 2723 est
1003 2663 1089 2723 tertio
1101 2679 1171 2722 con-

166 2745 276 2825 sulatu,
304 2757 334 2807 ut
356 2763 492 2806 summum
512 2745 657 2824 fastigium
677 2749 779 2828 privati
800 2747 922 2808 hominis
937 2746 1078 2826 inpleret,
1106 2764 1170 2806 curn

141 2832 303 2909 sprincipis
317 2829 468 2891 noluisset.
490 2828 632 2891 Caesares
647 2831 749 2909 quibus
766 2840 920 2908 suspectus
932 2840 1018 2910 atque
1033 2832 1118 2890 etiam
1130 2832 1216 2900 in-ao

166 2916 245 2975 visus
262 2915 412 2974 virtutibus
427 2912 519 2973 fuerat
534 2915 641 2990 evasit,
662 2912 777 2992 reliquit
791 2914 963 2974 incolumem
978 2915 1114 2993 optimum
1127 2923 1171 2974 at-

167 3016 223 3076 que
237 2999 446 3075 amicissimum,
463 3007 603 3076 tamquam
617 2996 651 3057 ad
665 2996 740 3058 bunc
753 3000 846 3078 ipsum
857 2998 995 3059 honorem
1007 2996 1114 3075 publici
1127 2996 1171 3056 in-

142 3083 242 3144 4neris
257 3091 431 3142 reservatus.
458 3080 570 3140 Annum
586 3081 697 3142 tertiurn
713 3091 742 3142 et
760 3083 986 3161 octogensimum
1000 3080 1128 3142 excessit
1142 3083 1172 3139 in

167 3164 303 3225 altissima
317 3164 535 3244 tranquillitate,
556 3166 616 3244 pari
633 3168 828 3228 veneratione.
857 3165 933 3226 Usus
948 3175 995 3226 est
1009 3165 1087 3224 firma
1100 3163 1171 3224 vali-

165 3249 273 3328 tudine,
288 3251 342 3310 nisi
357 3248 434 3327 quod
447 3247 579 3310 solebant
594 3250 620 3309 ei
637 3267 734 3312 manus
750 3261 883 3327 tremere,
901 3251 970 3310 citra
983 3246 1113 3308 dolorem
1127 3257 1168 3308 ta·
1179 3257 1215 3310 35

167 3350 242 3394 men.
272 3332 373 3394 Aditus
393 3343 499 3394 tantum
519 3335 617 3393 mortis
638 3334 734 3395 durior
753 3334 939 3412 longiorque,
961 3330 1015 3392 sed
1034 3330 1082 3391 bic
1104 3331 1169 3409 ipse

141 3416 323 3480 inlaudabilis·
358 3416 429 3478 Nam
444 3436 509 3478 curn
522 3435 625 3480 vocem
640 3427 822 3497 praepararet
840 3427 955 3477 acturus
970 3417 998 3475 in
1019 3414 1170 3475 consulatu

166 3502 288 3581 principi
305 3503 419 3580 gratias,
435 3501 510 3563 liber
525 3519 609 3580 quem
620 3502 695 3563 forte
709 3511 862 3580 acceperat
872 3501 1052 3578 grandiorem
1066 3507 1096 3559 et
1106 3499 1169 3558 seni
