2604 3972
199 271 259 336 188
621 270 654 334 0.
675 271 773 333 PLlNl
809 257 814 272 ⁴

197 423 326 502 prolero,
345 426 512 502 praesertim
523 423 597 504 apud
611 435 652 502 te,
668 427 716 503 qui
728 441 783 485 uec
797 424 883 486 ullius
897 424 1007 485 invides
1025 422 1154 485 laudibus
1173 433 1204 484 et

197 507 279 569 laves
295 510 408 571 nostris.
441 506 522 568 Vale.

722 640 759 701 ll.

456 737 483 788 o.
502 737 627 791 ruinius
639 641 817 790 dldlnmoo
836 735 896 787 suo
917 734 944 790 s,
1213 769 1230 820 5

173 849 188 901 1
260 841 339 902 Benc
354 840 450 902 laeisti
471 841 548 920 quod
568 841 701 902 libertum
715 841 866 921 aliquando
882 841 931 901 tibi
950 855 1046 899 carum
1059 838 1201 899 redueen-

198 924 275 987 tibus
293 923 426 1005 epistulis
447 927 562 986 maisin
579 925 707 1004 domum,
729 929 758 985 iu
773 927 893 986 animum
911 923 1057 1002 recepisti.
1090 921 1201 984 lusabit

197 1007 254 1069 boc
269 1018 314 1070 te:
328 1027 373 1068 me
386 1018 465 1070 certe
476 1010 567 1078 iuvat;
585 1011 715 1087 primum,
731 1009 808 1088 quod
819 1018 848 1069 te
860 1017 914 1068 tam
925 1003 1103 1068 tractabilem
1114 1005 1201 1066 rideo

198 1100 228 1151 ut
243 1091 271 1150 iu
285 1093 325 1152 ira
341 1092 405 1170 regi
420 1093 534 1172 possis,
557 1092 677 1171 deiude,
700 1093 776 1174 quod
790 1100 895 1153 tantum
908 1090 976 1150 mibi
990 1089 1092 1150 tribuis
1106 1099 1137 1150 ut
1151 1089 1201 1150 vel

199 1177 357 1237 auctoritati
371 1191 452 1237 meae
465 1192 566 1255 pareas
580 1176 627 1236 vel
642 1177 776 1256 precibus
791 1174 948 1254 indulgeas.
969 1172 1058 1252 Igitur
1071 1173 1155 1233 laudo
1171 1182 1201 1233 et
1211 1179 1244 1231 lo

199 1260 304 1336 gratias
320 1276 384 1337 ago.
407 1259 494 1320 Simul
509 1262 537 1320 iu
552 1269 698 1339 posterum
712 1269 860 1344 moneo-ut
873 1269 903 1320 te
918 1258 1063 1319 amoribus
1077 1267 1201 1335 tuorum,

87 1379 91 1390 ·
200 1345 255 1404 etsi
269 1359 326 1404 nou
338 1344 423 1405 luerit
436 1345 483 1423 qui
499 1344 681 1424 deprecetur,
696 1343 867 1422 placabilem
882 1351 1023 1422 praestes.
1055 1340 1139 1401 Vale.

653 1476 741 1538 XXV.

436 1575 478 1644 a.
496 1575 621 1628 nmmos
637 1575 821 1627 mnmrumno
840 1574 900 1627 suo
919 1573 945 1625 a.
1210 1599 1244 1652 ,5

175 1687 190 1737 1
261 1674 398 1748 Quereris
420 1675 557 1738 deturba
582 1679 766 1739 castrensium
788 1678 985 1756 negotiorum,
1010 1683 1039 1736 et
1063 1685 1202 1754 tamquam

202 1775 309 1820 summo
325 1760 384 1819 otio
404 1759 569 1838 perfruere,
593 1760 674 1822 lusus
692 1771 721 1822 et
736 1763 857 1841 ineptias
872 1771 985 1822 nostras
999 1759 1093 1838 legis,
1113 1776 1201 1837 amas,

202 1842 328 1921 flagitas,
352 1860 456 1922 meque
475 1843 509 1904 ad
530 1843 632 1906 similia
652 1845 797 1906 condenda
816 1863 873 1906 nou
896 1844 1079 1904 mediocriter
1092 1845 1201 1903 incitas.

174 1924 311 2005 blucipio
327 1928 401 1987 enim
421 1945 458 1988 ex
478 1928 535 1990 hoc
554 1946 662 2006 gauere
682 1929 838 1990 studiorum
857 1945 913 1988 uon
928 1927 1020 1988 solum
1036 1926 1202 1988 oblectatio-

199 2008 264 2071 n'em
279 2028 377 2071 rerum
394 2012 477 2072 etiam
493 2012 612 2091 gloriam
626 2022 728 2093 patera
743 2023 810 2092 post
824 2013 957 2074 iudicium
968 2021 1055 2089 tuum,
1074 2011 1127 2070 viri
1138 2022 1248 2089 gra-bo

156 2095 324 2172 ‚tvissimi,
343 2095 541 2175 eruditissimi,
557 2113 592 2157 ac
608 2099 764 2176 superista
779 2098 930 2160 verissimi.
949 2094 1032 2155 Nunc
1046 2113 1092 2155 me
1107 2112 1202 2154 rerum

200 2187 279 2240 actus
300 2178 413 2240 modice
435 2179 488 2241 sed
507 2189 600 2240 tamen
620 2180 786 2258 destringit:
808 2198 865 2260 quo
887 2180 964 2239 linito
978 2177 1084 2258 aliquid
1103 2196 1202 2240 earun-

201 2261 264 2322 dem
286 2259 470 2323 Camenarum
490 2265 519 2323 iu
540 2264 624 2324 istum
644 2263 877 2342 benignissimum
897 2264 987 2324 sinum
1006 2264 1121 2324 mittam.
1160 2259 1202 2320 Τιι

200 2344 375 2422 passerculis
397 2355 426 2406 ct
448 2345 618 2407 columbulis
636 2349 742 2408 nostris
764 2351 838 2409 inter
860 2346 968 2426 aquilas
987 2356 1099 2407 vestras
1122 2345 1202 2405 dabis

200 2445 319 2506 pennas,
336 2429 360 2487 si
376 2435 469 2488 tamen
484 2437 514 2488 et
527 2429 582 2488 sibi
598 2438 628 2488 et
641 2430 693 2489 tibi
704 2429 873 2508 placebunt:
888 2433 913 2492 si
928 2439 1033 2492 tantum
1051 2429 1117 2506 sibi,
1134 2443 1202 2488 con·
1213 2445 1252 2498 25

199 2510 331 2571 sinendos
344 2528 431 2572 eavea
448 2511 552 2572 nidove
568 2513 690 2574 curabis.
722 2512 801 2574 Vale.

648 2645 752 2707 xxv1.

469 2745 495 2797 o.
518 2747 643 2798 ausurus
662 2745 808 2798 aurunco
826 2744 887 2797 suo
903 2744 929 2796 a.

175 2860 189 2911 1
261 2845 326 2906 Dixi
348 2847 384 2906 de
404 2847 526 2925 quodam
547 2857 659 2908 oratore
681 2847 788 2908 saeculi
810 2848 917 2925 nostri,
938 2855 1021 2908 recto
1044 2845 1158 2926 quidem
1175 2854 1256 2910 etad

201 2945 281 3006 seno,
297 2928 349 2989 sed
360 2947 458 3008 parum
471 2929 569 3006 gmudi
582 2940 611 2990 et
624 2941 733 3009 ornato,
746 2941 776 2992 ut
788 2932 899 3010 opinor,
915 2940 982 3010 apte
994 2930 1075 2990 ‘nibil
1086 2941 1204 3010 peceat,

173 3011 253 3077 amisi
269 3010 345 3090 quod
362 3011 430 3071 nibil
445 3017 570 3091 peccat?
592 3013 688 3074 Debet
702 3017 775 3075 enim
792 3025 886 3076 orator
900 3016 983 3093 erigi,
1000 3013 1102 3092 attolli,
1117 3016 1205 3073 iuter-

200 3093 265 3154 dum
281 3094 364 3154 etlam
379 3095 592 3175 effervescere,
615 3098 730 3176 efferri,
753 3116 787 3159 ac
809 3115 898 3176 saepe
914 3097 1056 3158 accedere
1072 3098 1108 3159 ad
1121 3116 1206 3177 prae·

200 3192 281 3256 ceps.
304 3176 374 3237 Nam
388 3178 557 3258 plerumque
570 3181 634 3243 altis
647 3190 676 3240 et
687 3181 812 3243 excelsis
828 3182 957 3242 adiacent
969 3181 1103 3262 abrupta:
1115 3183 1205 3242 tutius

199 3261 346 3340 perplana
361 3261 414 3323 sed
425 3263 558 3325 humilius
576 3273 606 3326 et
618 3264 784 3344 depressius
799 3268 867 3326 iter:
890 3264 1070 3345 frequentior
1086 3283 1205 3326 cumeu-
1215 3275 1253 3331 35

200 3345 274 3405 tibus
294 3362 375 3423 quam
396 3347 571 3427 reptantibus
588 3348 703 3427 lapsus,
727 3349 779 3408 sed
800 3348 844 3410 bis
863 3366 920 3409 uon
940 3348 1102 3410 labentibus
1114 3347 1205 3425 nulla,

172 3426 255 3492 antis
270 3445 327 3489 uon
346 3429 423 3491 nulla
444 3431 521 3506 laus,
545 3433 654 3493 etiamsi
675 3430 814 3493 labantur.
845 3432 916 3493 Nam
929 3441 960 3492 ut
975 3432 1110 3511 quasdam
1126 3441 1206 3494 artes

199 3511 237 3574 ita
250 3511 441 3592 eloquentiam
454 3514 523 3576 nibil
537 3517 627 3593 magis
643 3532 726 3594 quam
739 3517 871 3594 ancipitia
887 3517 1090 3578 commendant.
1113 3514 1206 3578 Vides
