2580 3978
389 255 651 320 EPISTULARUM
666 257 702 318 il.
727 269 768 322 18·
785 268 828 323 19.
1067 257 1108 321 41

112 413 153 490 gis
165 410 279 471 lunden
293 427 377 490 quarn
391 410 427 470 ad
443 426 533 474 mun
548 413 721 490 pertineret,
745 429 779 472 ac
794 409 848 470 nisi
869 425 987 489 spemre
1002 419 1032 472 ta
1047 409 1108 470 uel·

111 496 164 556 lem
178 509 267 575 posse
280 495 375 555 fratris
388 496 430 554 tui
445 494 519 555 lilios
532 495 623 575 probe
637 494 761 556 discere.
784 493 868 568 Quod
883 502 1028 575 superest,
1043 509 1133 564 curua

111 597 205 640 omnes
218 581 265 658 qui
280 578 447 656 preiltentnr
457 579 584 656 audiero,
599 573 716 658 quidde
729 592 843 658 quoquo
855 581 973 639 sentiam
987 579 1108 639 scribam

109 663 301 742 domnoque,
325 672 456 742 qnantum
471 667 564 722 tanuen
575 661 697 742 epistula
712 664 850 742 consequi
864 672 983 743 potero,
997 670 1028 723 ut
1044 663 1109 740 lpse
1131 667 1134 674 '

86 759 205 810 amnes
219 746 332 807 sedisse
349 745 482 806 videaris.
498 745 600 806 Debeo
616 749 690 806 enim
706 747 767 825 tibi,
785 744 879 808 debeo
889 747 1041 808 memoriae
1054 746 1134 814 ira-4

109 833 157 892 tris
174 832 217 892 tui
238 832 310 890 bane
323 829 424 908 dien,
445 831 501 891 boc
522 831 659 909 studiana,
681 833 848 910 praesertim
868 849 956 911 super
976 838 1052 891 tanta
1065 847 1106 894 re.

109 913 177 974 Naro
192 914 260 993 quid
278 916 368 992 magia
389 916 510 975 interest
528 925 624 976 vestra
646 929 729 994 quam
749 921 779 976 ut
799 915 882 976 liberi
898 916 1040 995 (dicerem
1056 915 1106 990 tui,

109 1000 159 1060 nisi
175 1016 252 1058 surra
264 997 331 1058 illos
345 995 434 1076 magis
450 1001 573 1080 amares)
592 998 669 1078 digai
688 998 738 1059 illo
752 1008 849 1079 patre,
865 1007 893 1059 te
908 1009 1009 1080 patruo
1023 1013 1108 1077 repe·

109 1080 231 1143 riantur?
250 1099 332 1163 quarn
349 1097 443 1143 miram
457 1083 539 1160 mibi,
564 1080 647 1142 etiam
662 1084 686 1144 si
699 1101 756 1144 non
770 1083 951 1162 mandasses,
967 1081 1107 1156 vindicas·

72 1171 180 1228 itsem.
199 1165 262 1228 Nec
278 1171 379 1245 ignoro
395 1166 592 1246 suscipiendas
606 1163 730 1227 offensas
744 1170 772 1227 in
789 1167 922 1246 eligendo
938 1175 1134 1247 praecepto-5

107 1269 150 1328 re,
165 1251 219 1312 sed
233 1259 351 1330 oportet
365 1265 412 1311 me
425 1265 482 1310 non
502 1250 587 1310 modo
602 1251 727 1312 elienses
742 1267 840 1312 rerum
855 1254 938 1311 etiam
953 1250 1108 1310 simultates

109 1352 160 1413 pre
174 1335 269 1395 fratris
285 1333 327 1394 tei
340 1335 403 1395 illlis
417 1343 473 1395 tem
490 1349 584 1413 aequo
601 1336 693 1394 animo
708 1336 804 1396 subire
817 1353 899 1414 quam
910 1343 1044 1414 parentes
1056 1349 1109 1413 pro

108 1421 176 1480 suia.
203 1417 286 1479 Vale.
677 1417 679 1421 ’

386 1591 389 1600 «
547 1551 664 1614 XVllll.

384 1653 412 1707 o.
431 1653 556 1705 annulus
574 1651 703 1703 cuniam
721 1651 781 1704 suo
798 1651 827 1706 a.

170 1751 298 1813 Hortaris
324 1763 355 1814 ut
383 1757 538 1815 orationem
559 1755 656 1814 amicis
677 1753 805 1833 pluribus
825 1755 954 1813 recitem.
986 1752 1136 1830 Faciam,l

108 1837 319 1917 pulcherrimis,
334 1840 461 1917 ιιιιιιιιιίιι
473 1839 658 1898 vehementer
672 1833 842 1899 addubitem.
865 1835 967 1918 Neque
982 1840 1055 1898 aito
1065 1845 1137 1899 mea

108 1923 246 2000 praeterit
258 1922 386 1982 actiones
404 1939 476 2002 quae
491 1924 646 1983 recitantur
659 1924 794 2001 impeturn
805 1938 916 1982 omnem
929 1922 1111 2000 caloremque

66 2009 141 2066 aoaa
158 2021 254 2084 prope
273 2021 377 2066 omnen
394 2023 474 2066 suurn
489 2003 627 2086 perdere,
649 2015 679 2066 ut
696 2021 765 2086 quas
781 2006 891 2068 soleant
913 2006 1111 2066 commendare

105 2089 190 2150 stunt
203 2098 232 2149 ct
243 2089 402 2150 accendere
415 2091 539 2152 iudicum
551 2105 716 2167 consessus,
734 2090 886 2149 celebritas
898 2087 1110 2166 aduocatorum,

73 1596 99 1649 15

106 2175 273 2252 expectatio
282 2173 496 2252 eventuraiama
507 2189 564 2234 non
574 2175 655 2234 unius
666 2175 781 2251 actoris,
797 2172 997 2252 diductumque
1008 2174 1036 2232 in
1048 2189 1129 2252 par·⁴

104 2267 150 2319 tes
172 2255 343 2318 audientium
357 2257 489 2336 studium,
506 2257 541 2318 ad
555 2259 613 2319 boc
626 2256 747 2319 dicentis
762 2265 875 2335 gestus,
890 2258 1038 2336 incessus,
1055 2257 1111 2319 dis·

105 2358 209 2400 cursus
230 2343 329 2418 etiam,
353 2343 539 2422 omnibusque
560 2341 681 2402 motibus
699 2344 781 2402 animi
804 2349 1012 2402 consentaneus
1028 2344 1112 2420 vigor

64 2426 251 2504 bicorporis.
284 2423 366 2486 Unde
380 2426 484 2488 accidit
498 2436 528 2486 ut
545 2427 627 2506 liqui
644 2425 778 2486 sedentes
795 2434 897 2504 agunt,
914 2427 1041 2504 quamvis
1055 2426 1138 2492 illisa

104 2511 227 2578 manime
242 2527 280 2570 ex
301 2519 382 2587 parte
402 2512 546 2590 supersint
566 2510 665 2570 eadem
681 2509 729 2570 illa
749 2527 822 2588 qnae
843 2511 997 2588 stantibus,
1019 2519 1112 2571 tamen

84 2593 164 2653 boc
179 2593 258 2672 qnod
273 2592 374 2654 sedent
395 2597 475 2672 quasi
496 2593 679 2654 debilitentur
689 2620 690 2626 ι
700 2602 730 2654 et
746 2594 946 2672 deprimantur.
979 2593 1138 2654 Recitand

104 2679 177 2736 ιὶιιιιι
193 2693 265 2736 vero
278 2680 434 2756 praecipua
456 2679 691 2756 monentiationis
706 2677 880 2755 adiumenta,
905 2676 982 2737 oculi
1003 2695 1111 2754 manus,

103 2759 344 2839 praepediuntum
370 2764 533 2840 quominus
547 2764 646 2820 mirum
659 2770 715 2840 est,
727 2763 751 2820 si
766 2761 922 2822 auditorum
936 2762 1052 2820 intentio
1067 2777 1112 2819 re·

62 2843 281 2921 tolanguescit,
296 2844 380 2904 nullis
397 2847 575 2906 extrinsecus
589 2853 636 2905 eut
648 2844 843 2906 blandimentis
856 2853 937 2924 capta
949 2853 996 2905 aut
1007 2844 1114 2906 aculeis

105 2930 244 2988 excitata.
275 2926 398 2988 Accedit
417 2930 463 2989 lris
487 2928 564 3008 quod
587 2932 677 2989 oratio
697 2929 733 2989 ie
754 2947 810 3008 qua
831 2927 935 3008 loquor
951 2947 1066 3008 pugnax
1086 2937 1140 2993 ets

105 3013 290 3072 conteubosa
310 3020 365 3073 cst.
399 3012 488 3073 Porro
508 3016 547 3074 ita
567 3022 663 3074 natura
680 3016 872 3091 comparatum
886 3021 931 3074 est
945 3021 976 3073 ut
991 3029 1025 3072 ea
1043 3029 1115 3092 quae

105 3097 279 3176 scripsimus
301 3113 364 3156 oum
385 3095 484 3157 labore
502 3099 585 3156 etiam
602 3113 667 3156 cum
683 3097 782 3158 labore
800 3097 888 3156 audiri
904 3107 1046 3176 putemus.
1079 3093 1141 3159 Etfi

104 3189 291 3258 saneqnotas
299 3182 419 3259 quisque
434 3190 490 3240 tam
502 3189 599 3242 rectus
616 3181 736 3260 auditor,
750 3198 833 3260 quem
847 3197 904 3241 non
915 3182 1009 3258 potins
1025 3178 1117 3241 dulcia

64 3268 96 3322 35
105 3262 184 3324 lruee
199 3272 230 3322 ct
241 3266 370 3324 sonantia
381 3281 464 3343 quam
478 3274 590 3326 sustam
602 3275 630 3326 et
641 3282 741 3344 presse
754 3262 918 3328 delectent?
940 3264 993 3325 Est
1004 3262 1117 3343 quidem

104 3350 224 3408 omuino
239 3349 330 3426 turpis
344 3350 397 3408 ista
412 3349 564 3428 discordia,
581 3359 625 3409 est
639 3361 733 3410 tumen
745 3365 818 3428 quae
831 3350 998 3428 plerumque
1010 3349 1115 3423 evenit,

104 3442 136 3493 ut
150 3431 229 3493 eliud
244 3431 389 3492 auditores
403 3432 478 3493 allud
495 3433 605 3495 iudices
620 3437 752 3512 exigant,
773 3451 837 3494 curn
856 3431 892 3492 ali
934 3435 962 3492 ui
976 3433 1020 3492 his
1034 3447 1117 3509 prac-

105 3517 195 3597 eipne
210 3513 322 3576 auditor
333 3515 416 3577 adiici
428 3516 531 3578 debeat
542 3519 644 3598 quibus
659 3518 744 3596 idem,
766 3519 790 3577 si
802 3515 915 3578 loratin
937 3533 983 3593 ex,
998 3515 1116 3574 maxime
