2580 3970
178 253 240 316 282
608 252 641 314 G.
661 251 757 314 aulul

180 407 319 466 timentur.
346 403 431 464 Tuam
448 406 630 465 securitatem
644 422 701 464 non
714 421 792 464 mora
805 406 981 483 nuntiorum,
1006 423 1061 466 non
1074 405 1185 469 littera·
1277 407 1278 412 ’

179 507 240 549 rum
256 488 370 550 tarditas
383 488 484 564 differt.
506 489 570 548 Scis
586 489 638 549 tibi
651 488 757 566 ubique
773 488 872 565 iurari,
889 507 953 548 cum
968 491 1033 567 ipse
1045 492 1185 553 iuraveris

180 573 319 632 omnibus.
351 569 443 632 Nemo
462 572 518 630 boc
532 572 586 632 sibi
600 589 656 632 non
671 579 804 648 praestat.
836 571 968 634 Amemus
984 573 1096 652 quidem
1110 583 1141 635 te
1157 577 1186 635 in

180 665 312 735 quantum
325 657 458 723 mereris;
476 655 551 715 istud
559 664 651 715 tamen
661 671 717 714 non
728 657 768 715 tui
780 655 898 716 iacimus
911 673 1006 716 amore
1017 656 1071 717 sed
1080 661 1184 735 nostri,

179 758 234 800 nec
252 757 382 816 umquam
402 737 560 799 inlucescat
584 738 645 798 dies
667 755 723 817 quo
747 755 799 816 pro
821 747 850 799 te
873 748 1018 817 nuncupat
1037 750 1104 802 vota
1125 755 1209 804 non5

179 822 283 883 utilitas
299 831 394 882 nostra
403 821 457 882 sed
466 821 549 898 lides,
562 820 677 883 Caesar.
695 821 796 901 Turpis
808 822 898 883 tutela
909 824 1044 902 principis
1058 827 1104 885 cui
1118 835 1184 903 pot·
1277 865 1278 883 ι

179 915 225 968 ast
242 907 371 985 inputari.
401 903 490 978 Queri
509 905 579 966 libet
594 905 670 985 quod
689 907 717 964 in
732 915 846 966 secreta
859 915 956 967 nostra
970 924 1027 967 non
1041 909 1184 986 inquirant
1277 979 1278 988 χ

178 991 323 1068 principes
338 991 392 1050 nisi
407 1007 479 1066 qnos
493 989 613 1050 odimus.
634 987 706 1048 Nam
716 990 740 1049 si
752 989 852 1050 eadem
863 1007 931 1050 cura
942 990 1024 1050 bonis
1038 1009 1111 1069 quac
1125 1011 1185 1052 ma·
1277 995 1278 1048 l

178 1073 213 1134 lis
228 1082 319 1150 asset,
336 1089 418 1150 qnam
433 1073 538 1150 ubique
552 1073 764 1132 admirationem
779 1075 829 1149 tui,
845 1073 921 1152 quod
936 1074 1184 1150 gaudiumexulta·

177 1159 341 1234 tionemque
358 1155 604 1234 deprehenderas!
620 1173 692 1235 quos
708 1158 829 1216 omnium
842 1175 905 1216 cum
918 1159 1086 1235 coniugibus
1099 1177 1134 1218 ac
1149 1158 1223 1222 li·1o

61 1303 66 1311 ,
181 1241 270 1318 beris,
281 1257 352 1319 quos
361 1240 444 1300 ctiam
452 1258 514 1299 curn
523 1238 688 1302 domesticis
699 1241 754 1300 aris
765 1239 897 1318 locisque
906 1240 1066 1302 sermones!
1082 1241 1182 1304 Scires
1277 1277 1278 1302 l

180 1323 353 1385 mollissimis
369 1325 430 1384 istis
443 1323 558 1384 auribus
569 1326 656 1404 parci.
679 1323 716 1382 Et
727 1322 832 1402 alioqui
845 1342 908 1382 cum
919 1325 974 1384 sint
987 1324 1081 1384 odium
1091 1343 1182 1386 amor·
1277 1367 1278 1400 ι

179 1425 234 1486 que
251 1410 405 1484 contraria,
421 1407 478 1468 boc
490 1425 626 1487 perquam
637 1406 728 1468 simile
740 1407 845 1467 babent
855 1407 931 1486 quod
943 1409 981 1468 ibi
992 1409 1182 1488 intemperan-

126 1490 169 1551 69
179 1493 234 1550 tius
250 1508 372 1551 amamus
386 1491 478 1552 bonos
493 1493 655 1570 principes,
676 1492 724 1551 ubi
740 1489 857 1552 liberius
872 1491 961 1552 malos
977 1491 1097 1552 odimus.
1126 1491 1181 1554 (le-
1277 1495 1278 1572 ,

179 1575 245 1653 pisti
267 1582 360 1633 tamen
379 1583 408 1634 et
422 1574 551 1636 adlectus
566 1577 656 1636 nostri
670 1584 700 1636 et
716 1573 813 1635 iudicii
829 1577 1069 1653 experimentum,
1093 1595 1179 1654 quan
1191 1589 1221 1640 15

179 1667 236 1718 tum
251 1658 401 1716 maximum
412 1674 550 1735 praesens
567 1675 672 1736 capere
690 1659 824 1738 potuisti,
840 1657 892 1718 illo
906 1658 952 1718 die
969 1675 1025 1738 quo
1041 1659 1181 1720 sollicitu-

179 1740 236 1800 dini
257 1740 415 1818 pudorique
431 1739 641 1802 candidatomm
655 1744 693 1802 ita
711 1740 879 1802 consuluisti
893 1761 930 1802 ne
946 1742 1031 1802 ullius
1047 1743 1182 1821 gaudium

178 1824 294 1885 alterius
309 1825 421 1885 tristitia
434 1824 567 1885 turbaret.
588 1823 646 1884 dlii
662 1842 724 1885 cum
737 1825 853 1902 laetitia,
869 1823 916 1885 alii
933 1843 997 1885 cum
1011 1843 1065 1904 spe
1080 1845 1181 1889 reces-

179 1917 291 1968 serunt:
309 1908 402 1970 multis
418 1907 628 1986 gratulandum,
643 1925 727 1968 nemo
741 1909 931 1969 consolandus
947 1909 1008 1969 luit.
1036 1907 1101 1970 Nec
1114 1910 1181 1972 ideo

178 1994 294 2069 segnius
310 1994 429 2053 iuvenes
441 2001 554 2054 nostms
569 1993 732 2053 exhortatus
744 2011 776 2052 cs
788 2001 917 2053 senatum
928 1994 1118 2071 circumirent,
1135 2013 1180 2055 se·
1190 2005 1222 2058 to

178 2077 253 2134 natui
268 2075 477 2154 supplicarent,
500 2085 586 2154 atque
601 2079 639 2136 ita
654 2093 669 2135 a
685 2077 813 2154 principe
829 2086 978 2153 sperarent
992 2077 1135 2156 honores,
1156 2081 1182 2140 si
1277 2103 1278 2140 1

178 2176 194 2217 a
209 2166 308 2218 senatu
324 2161 475 2237 petissent.
495 2159 559 2234 Quas
573 2159 686 2238 quidem
700 2162 728 2219 in
739 2159 824 2236 loco,
841 2161 865 2220 si
881 2160 983 2237 quibus
995 2176 1069 2237 opus
1084 2179 1182 2222 exem·

177 2240 245 2320 plo,
262 2241 392 2304 adiecisti
407 2253 437 2303 ut
451 2253 480 2304 tc
495 2243 675 2306 imitarentur.
704 2243 847 2319 Arduum,
870 2241 996 2321 Caesar,
1019 2245 1183 2324 exemplum

178 2334 207 2384 et
229 2323 306 2402 quod
328 2326 427 2386 imitari
447 2345 503 2387 non
516 2329 605 2404 magis
620 2328 765 2407 quisquam
780 2326 989 2388 candidatorum
1005 2345 1088 2407 quam
1105 2331 1183 2408 prin·
1277 2326 1278 2400 ζ

178 2409 273 2484 cipum
285 2411 387 2484 possit.
409 2407 479 2481 Quis
492 2411 567 2469 enim
577 2409 625 2469 vel
640 2428 695 2470 uno
711 2411 756 2471 dic
767 2413 945 2473 reverentior
958 2421 1073 2474 senatus
1088 2412 1221 2476 candi-25

177 2489 257 2550 datus
273 2507 354 2569 quam
370 2499 419 2568 tu,
434 2509 498 2551 cum
513 2495 586 2552 omni
601 2495 657 2552 vitu
675 2503 732 2554 tum
747 2493 797 2553 illo
811 2497 876 2574 ipso
892 2504 1022 2575 ternpore
1037 2514 1094 2576 quo
1109 2497 1181 2559 iudi·
1277 2545 1278 2562 ι

177 2590 225 2632 cas
240 2571 276 2632 dc
293 2571 468 2636 candidatis?
487 2574 532 2635 An
546 2575 620 2636 aliud
637 2586 695 2637 ate
710 2595 792 2656 quarn
805 2588 922 2640 senatus
932 2583 1094 2642 reverentia
1106 2581 1182 2642 obti·
1277 2563 1278 2652 Ῐ

174 2659 233 2718 nuit
254 2667 284 2718 ut
304 2658 453 2718 iuvenibus
471 2658 642 2720 clarissimae
656 2664 751 2738 gentis
767 2661 893 2723 debitum
908 2665 1008 2740 generi
1029 2662 1180 2743 bonorem,

176 2741 228 2802 sed
239 2751 303 2802 ante
319 2759 401 2820 quam
416 2743 584 2821 deberetur,
601 2742 742 2806 olierresi
761 2744 885 2807 Tandem
897 2763 968 2824 ergo
979 2746 1113 2808 nobilitas
1124 2766 1183 2809 non

176 2825 361 2904 obscuratur,
377 2825 429 2886 sed
446 2826 609 2888 inlustratur
623 2846 639 2888 a
653 2830 798 2908 principe:
815 2830 927 2890 tandem
941 2829 1006 2891 illos
1024 2831 1222 2908 ingentiumbo

173 2909 297 2967 viromm
308 2919 448 2988 nepotes,
464 2910 530 2970 illos
541 2921 675 2990 posteros
688 2912 825 2974 libertatis
839 2933 895 2975 nec
906 2923 994 2974 terret
1006 2912 1114 2974 Caesar
1124 2933 1181 2975 nec

175 3001 274 3067 pavct;
301 2994 368 3070 quin
391 2995 474 3054 immo
495 2995 637 3056 festinatis
655 2996 810 3058 honoribus
825 2998 977 3076 amplificat
990 3006 1077 3076 atque
1093 3007 1182 3076 auget

174 3083 204 3134 et
223 3075 374 3136 maioribus
395 3078 456 3137 suis
475 3077 577 3138 reddit.
609 3080 640 3139 Si
657 3079 724 3160 quid
738 3097 855 3159 nsquam
870 3082 967 3158 stirpis
981 3085 1132 3160 antiquae,
1156 3084 1180 3142 si

174 3157 241 3235 quid
254 3158 385 3220 residuae
402 3159 555 3239 claritatis,
579 3163 635 3223 hoc
649 3163 828 3243 amplexatur
841 3173 871 3224 et
884 3163 998 3224 rciovet
1016 3173 1045 3223 ct
1058 3166 1087 3223 in
1098 3183 1182 3227 usum

172 3242 215 3301 rei
230 3241 363 3319 publicae
379 3245 491 3321 promit.
520 3246 591 3307 Sunt
605 3249 633 3307 in
647 3247 757 3309 bonore
771 3248 912 3308 bominum
928 3256 957 3307 ct
970 3249 998 3306 in
1013 3248 1124 3309 bonore
1139 3249 1223 3312 labb

171 3341 234 3385 mac
249 3342 349 3402 magna
362 3329 473 3389 nomina
491 3347 528 3389 ex
544 3332 671 3392 tenebris
687 3331 837 3392 oblivionis
847 3331 1021 3409 indulgentia
1033 3329 1179 3409 Caesaris,
1277 3361 1278 3379 ι

122 3405 163 3469 70
175 3409 255 3468 cuius
268 3407 325 3468 hoc
340 3419 384 3471 est
396 3419 428 3472 nt
438 3411 551 3473 nobiles
564 3422 593 3473 et
606 3424 759 3475 conservet
768 3423 797 3475 et
807 3414 921 3476 eliciat.
936 3414 1101 3476 Prsclncrat
1113 3432 1177 3493 pro·

171 3492 281 3552 vinciae
295 3500 429 3570 quaestor
442 3513 512 3555 unus
528 3513 564 3556 cx
580 3497 743 3577 candidatis,
758 3498 843 3578 inque
854 3517 889 3560 ea
903 3501 1024 3560 ciuitatis
1039 3497 1169 3578 amplisss
