2604 3972
178 197 242 264 210
480 195 513 258 0.
533 195 631 258 PblNl
651 195 701 257 ΕΤ
720 194 879 260 nnumin
976 249 982 254 .

181 370 216 414 ea
231 367 304 430 quae
324 350 360 411 ad
378 349 556 410 cotrcendos
576 350 659 427 ignes
681 349 785 410 auxilio
808 367 875 411 esse
897 351 1009 430 possint
1029 347 1193 410 admoneri·

182 453 237 516 que
258 433 388 496 dominos
403 433 582 514 praediorum
595 441 625 494 ut
643 441 672 492 et
686 435 741 512 ipsi
759 434 922 514 inhibeant,
938 452 972 494 ac
988 434 1014 493 si
1027 450 1075 494 res
1094 450 1192 513 popo·
1278 503 1279 506 Ἴ

181 521 280 597 seerit,
296 519 418 580 adcursu
432 516 532 598 populi
547 516 582 577 ad
597 515 653 576 boc
666 519 716 577 uti.
1278 515 1279 536 ¹

536 649 653 714 nunu.
680 649 817 732 [xuuuq
1196 691 1216 742 e
1278 623 1279 662 ³

401 750 429 804 Ο.
448 749 575 802 PLINIUS
594 751 740 803 TRAIANO
759 749 969 804 monstrosi.

244 855 400 918 Sollemnia
420 865 488 916 vota
514 873 568 935 pro
594 854 787 918 incolumitate
810 866 874 935 tua,
901 873 955 936 qna
975 853 1090 934 publiea
1110 853 1191 918 salue

181 942 359 1018 continetur,
376 948 406 1004 et
422 941 620 1020 suscepimus,
636 939 765 1017 domine,
781 941 889 1020 pariter
903 948 932 1000 et
947 939 1102 1018 solvimus,
1121 958 1191 1021 pre·

182 1027 236 1088 eati
253 1025 325 1088 deos
340 1033 371 1085 ut
384 1022 474 1086 velint
491 1042 525 1086 ea
538 1041 654 1105 semper
670 1023 744 1085 solvi
760 1041 933 1105 semperque
949 1025 1064 1104 signari.

554 1157 683 1220 XXXVI.
706 1156 813 1239 [XLV.]

513 1255 679 1310 TRAIANUS
696 1256 803 1308 PLINIO
825 1255 851 1306 S.

245 1358 283 1420 Et
304 1359 428 1422 solvisse
445 1377 499 1420 vos
515 1378 579 1421 cum
598 1356 820 1438 provincialibus
840 1356 893 1417 diis
913 1355 1106 1418 inmortalibus
1122 1364 1191 1415 vota
1278 1383 1279 1428 t

182 1459 235 1521 pro
251 1460 315 1505 mea
330 1443 421 1504 salute
437 1453 466 1506 et
480 1442 673 1504 incolumitate
689 1451 718 1504 et
735 1458 917 1521 nuncupasse
931 1439 1066 1520 libenter,
1080 1440 1118 1502 mi
1135 1438 1189 1500 Se·

182 1525 275 1587 eunde
287 1528 443 1606 carissime,
461 1529 586 1605 cognovi
601 1544 639 1588 ex
653 1526 758 1590 litteris
774 1525 839 1586 tuis.
1200 1531 1229 1586 tt

1200 1118 1232 1170 lo

538 1658 681 1721 xxxvn.
704 1658 827 1740 [xuvrq

408 1756 436 1812 G.
455 1757 580 1810 PLINIUS
597 1759 741 1810 TRAIANO
759 1756 967 1811 IMPERATORI.

158 1881 174 1934 1
246 1863 279 1924 ln
293 1864 523 1946 aquaeductum,
539 1866 664 1945 domine,
679 1865 907 1928 Nicomedenses
926 1865 1116 1945 inpenderunt
1130 1863 1186 1924 HS.
1278 1855 1279 1938 l

184 1947 289 2029 [XXX]
306 1946 492 2029 ocoxrdx,
510 1952 559 2032 qni
571 1951 750 2032 inperfectus
764 1950 856 2013 adhuc
870 1951 988 2012 relictus
1002 1959 1088 2028 atque
1104 1950 1229 2012 etiamto
1278 1955 1279 2032 ζ

182 2034 346 2096 destructus
360 2045 422 2098 est:
437 2053 535 2097 rursus
552 2037 580 2096 in
593 2036 678 2097 alium
691 2037 807 2098 ductum
824 2043 942 2114 erogata
956 2043 1021 2095 sunt
1033 2032 1092 2096 00.
1124 2031 1188 2093 Hoc
1278 2033 1279 2098 l

183 2135 299 2198 quoque
309 2117 413 2181 relicto
430 2134 505 2180 novo
521 2120 655 2200 inpendio
671 2129 717 2182 est
733 2137 823 2200 opus,
844 2129 874 2181 ut
889 2136 989 2198 aquam
1003 2119 1127 2179 habeant
1140 2119 1189 2197 qni

155 2211 286 2269 stantem
305 2205 455 2282 pecuniam
473 2204 548 2266 male
569 2204 761 2285 perdiderunt.
795 2204 862 2284 lpse
883 2204 1003 2282 perveni
1022 2201 1057 2264 ad
1079 2201 1188 2262 iontem
1278 2201 1279 2250 l

182 2287 381 2365 purissimum,
399 2305 438 2347 ex
451 2305 508 2365 qno
522 2288 637 2349 'videtur
651 2306 724 2368 aqua
738 2289 846 2350 debere
861 2287 997 2367 perduci,
1018 2287 1094 2346 sicut
1107 2287 1187 2346 initio
1278 2285 1279 2338 l

181 2377 347 2449 temptatum
359 2378 435 2446 erat,
453 2379 567 2430 arcuato
582 2388 689 2451 opere,
701 2390 738 2433 ne
753 2381 860 2433 tantum
872 2371 908 2432 ad
921 2371 1005 2450 plana
1021 2371 1142 2430 civitatis
1158 2379 1227 2435 etot
1278 2378 1279 2460 l

180 2451 295 2513 humilia
308 2453 467 2530 perveniat.
495 2451 610 2516 bianent
626 2453 718 2515 adhuc
731 2457 897 2534 paucissimi
909 2471 1008 2516 arcus:
1024 2453 1146 2535 possunt
1158 2463 1189 2514 et
1278 2487 1279 2536 ,

181 2537 255 2615 erigi
277 2535 389 2617 quitiam
408 2535 503 2618 lapide
525 2537 678 2618 quadrato,
700 2540 748 2618 qui
770 2557 807 2601 ex
821 2543 970 2618 superiore
988 2555 1079 2618 opere
1094 2537 1188 2599 detra·
1278 2549 1279 2580 t

182 2630 245 2684 ctus
261 2631 325 2684 est:
341 2621 439 2700 aliqua
452 2640 535 2702 pars,
551 2632 582 2683 nt
596 2624 664 2684 mibi
678 2623 808 2702 videtur,
824 2631 954 2686 testaceo
969 2641 1060 2704 opera
1076 2621 1187 2701 agenda

144 2708 248 2776 aerim
271 2706 302 2767 id
321 2708 440 2767 enimet
456 2706 570 2769 facilius
589 2717 619 2769 et
632 2707 726 2770 uilius.
759 2706 818 2769 Sed
835 2710 864 2768 in
881 2709 978 2787 primis
991 2709 1187 2769 necessarium
1278 2739 1279 2762 t

181 2799 227 2851 est
243 2790 314 2850 mitti
328 2807 345 2850 a
360 2799 390 2852 te
403 2789 452 2851 vel
474 2791 637 2871 aquilegem
651 2791 700 2852 vel
718 2793 920 2869 architectum,
937 2809 979 2851 ne
996 2809 1094 2852 rursus
1118 2802 1227 2856 eve-tto
1278 2793 1279 2842 ἒ

181 2873 242 2934 niat
253 2872 330 2952 qu⁰d
343 2873 455 2936 accidit.
486 2873 551 2953 Ego
567 2871 638 2935 illud
653 2893 737 2936 nnnm
757 2874 890 2952 addrmo,
910 2885 940 2935 et
954 2875 1101 2937 utilitatem
1116 2890 1186 2954 ope·

180 2957 220 3017 ris
235 2965 265 3017 et
280 2955 521 3036 pulchritudinem
538 2958 656 3020 saeculo
671 2969 719 3020 tuo
734 2976 801 3020 esse
817 2957 1017 3037 dignissimam.

526 3091 685 3156 xxnvm.
699 3091 837 3173 [naun]
1278 3049 1279 3120 t

508 3191 673 3244 Teuranus
695 3192 803 3244 nnruro
831 3191 858 3244 s.
1192 3217 1226 3271 3,

145 3308 163 3362 1
234 3291 394 3355 Curandum
414 3284 465 3356 ast'
480 3303 510 3354 ut
525 3312 597 3374 aqua
617 3295 647 3354 in
666 3292 907 3356 Nicomedensem
923 3295 1067 3356 civitatem
1080 3291 1185 3374 perdu-

181 3386 268 3440 catur.
301 3375 380 3438 llere
400 3375 488 3439 credo
510 3387 540 3438 te
555 3395 589 3438 ea
607 3395 663 3457 qua
679 3376 799 3440 debebis
815 3379 960 3457 diligentia
974 3379 1032 3440 hoc
1048 3395 1122 3458 opm
1136 3375 1184 3438 ad·

179 3477 354 3542 gressuum.
375 3458 433 3521 Sed
448 3459 559 3522 medius
574 3461 656 3522 lidius
668 3461 703 3522 ad
714 3463 832 3524 eandem
847 3461 1020 3542 diligentiam
1030 3472 1185 3542 mamper
