2604 3972
290 310 556 374 EPISTULARUM
568 310 659 372 vltll.
680 321 724 374 ιι.
740 322 784 375 as.
796 322 840 376 ao.
1007 311 1069 377 189

73 463 119 543 qui
135 480 187 544 per
199 461 295 524 funem
307 465 335 523 in
350 481 457 525 summa
470 465 596 524 nituntur
609 473 728 543 quantos
740 463 852 524 soleant
868 466 994 526 exultare
1011 465 1068 526 ela·
1126 519 1129 535 ι

73 563 179 623 ιιοιιι,
203 564 267 606 oum
284 549 338 607 iam
358 548 468 628 iamque
491 549 583 608 easuri
603 547 741 610 sidentur.
776 545 846 608 Sunt
862 550 935 608 enim
950 550 1096 614 marines

72 629 205 690 mimbilia
226 647 298 708 quae
315 633 432 692 maxime
458 633 615 731 inspemta‚
640 633 758 692 maxime
779 631 958 710 periculosa,
981 643 1069 712 utque

74 711 171 774 Graeci
186 715 275 792 magis
287 717 456 793 exprimunt,
470 709 653 795 παράβολα.
677 714 747 776 ldeo
764 733 941 814 nequaquam
956 733 1007 795 par
1018 734 1070 793 gu·

49 797 225 862 bbernatoris
241 807 286 860 est
301 801 399 876 virtus,
415 816 478 860 eum
490 798 603 879 placido
618 809 648 860 et
664 817 727 859 oum
738 799 850 860 turbato
862 817 929 859 mam
922 798 1069 860 rebitur:

72 888 136 940 tuno
151 881 305 942 admirante
323 881 401 943 nullo
422 881 579 944 inlaudatus
598 882 772 961 ingloriosus
789 883 866 943 subit
881 891 1010 962 portum;
1035 879 1082 946 a?

73 981 132 1024 eum
143 964 262 1027 stridunt
274 966 368 1044 funes,
386 975 517 1027 ourvatur
532 967 633 1043 arbor,
647 967 841 1044 gubemaonla
855 977 987 1044 gemunt,
1002 977 1070 1028 tune

71 1045 117 1107 ille
136 1046 228 1110 elanus
247 1059 276 1109 et
291 1049 333 1111 dis
349 1051 432 1110 maris
448 1053 600 1128 proximus.
624 1049 714 1128 liaeo,
730 1052 797 1128 quia
810 1053 889 1111 visus
908 1070 940 1113 es
955 1050 1021 1110 mibi
1042 1051 1095 1117 in5
1162 1089 1166 1105 .

71 1132 181 1209 seriptis
197 1133 271 1195 meis
285 1133 435 1195 adnotasse
451 1134 586 1212 quaedam
602 1145 632 1196 ut
646 1135 750 1196 tumida
768 1152 840 1213 quae
855 1151 913 1213 ego
928 1133 1068 1212 sublimia,

36 1218 98 1273 ιοιιι
112 1216 231 1296 inproba
247 1234 320 1295 quae
342 1235 397 1295 ego
412 1217 559 1295 audentia,
581 1229 612 1279 ut
630 1221 714 1279 nimia
734 1236 807 1297 quae
824 1235 881 1296 ego
897 1217 982 1297 plena
996 1219 1070 1278 arbi·

69 1299 167 1359 trahar.
202 1298 354 1361 Plurimum
370 1311 463 1362 autem
482 1302 572 1362 refert
589 1301 825 1382 reprehendenda
841 1302 959 1364 adnotes
980 1320 1015 1362 an
1029 1303 1069 1360 in·

70 1383 165 1460 signia.
190 1383 288 1446 Omnis
303 1387 375 1444 enim
390 1385 509 1448 advertit
524 1385 601 1464 quod
615 1387 720 1446 eminet
736 1395 765 1446 et
779 1393 871 1454 extat;
887 1385 939 1446 sed
954 1386 1011 1445 aeri
1029 1387 1097 1453 ino

70 1468 191 1529 tentione
206 1467 414 1529 diiudicandum
437 1477 481 1528 est
501 1468 672 1530 inmodicum
692 1470 778 1530 sitan
794 1469 918 1546 grande,
935 1467 1020 1529 altum
1036 1486 1070 1528 an

70 1566 192 1612 enorme.
221 1551 324 1633 Adque
341 1562 372 1612 ιι
387 1550 539 1613 llomerum
552 1553 730 1633 potissimum
743 1554 887 1654 attingam,
906 1569 991 1650 quem
1011 1562 1070 1613 tan·

35 1639 62 1693 ιι
71 1631 132 1694 dem
148 1633 340 1736 alterutram
331 1646 486 1738 1n5partem
499 1636 715 1736 potestiugere
733 1627 833 1720 ἀμφὶ
836 1630 872 1696 δὲ
891 1629 1071 1734 σάλπιγξιν

70 1712 166 1818 μέγας
178 1711 342 1800 οὐρανός
355 1710 472 1822 rje'qad'
487 1719 593 1864 lygos?
594 1711 740 1783 ἐκέκλιτο
759 1730 788 1782 ιι
802 1729 890 1781 totum
904 1718 974 1780 illnd
990 1711 1070 1780 οὔτε

69 1795 242 1882 θαλάσσης
259 1803 349 1882 κῦμα
367 1815 468 1864 ιοσον
485 1798 593 1888 boola?
618 1804 677 1866 Sed
699 1822 771 1884 opus
789 1813 834 1865 est
849 1804 977 1864 examine
993 1811 1022 1864 et
1037 1802 1096 1868 ti=⁷
1197 1821 1199 1828 ’
1270 1798 1280 1827 r

70 1883 132 1962 bra,
155 1886 271 1967 inquid,
295 1887 473 1948 incredibilia
493 1890 548 1950 sint
570 1890 642 1949 haee
664 1898 692 1949 et
708 1888 798 1949 inania
818 1906 853 1948 au
874 1886 1022 1965 magnilica
1042 1896 1071 1947 ιι

71 1967 213 2032 ιιιΙιιιῑι.
247 1969 309 2032 Nee
329 1990 405 2032 nune
423 1989 479 2050 ego
495 1990 542 2033 me
561 1973 604 2032 his
619 1971 720 2035 similia
740 1981 787 2032 aut
802 1971 907 2032 dixisse
921 1979 968 2031 aut
981 1988 1071 2049 posse

34 2049 163 2116 ildieere
177 2063 259 2135 puto.
287 2054 371 2116 Non
362 2065 401 2116 ιιι
416 2056 539 2125 insanio;
560 2056 612 2116 sed
626 2057 682 2116 hoo
695 2054 826 2132 intellegi
836 2053 929 2154 Πιολο,
936 2052 1071 2114 laxandos

71 2153 133 2198 esse
148 2138 332 2219 eloquentiae
349 2139 445 2200 irenos
458 2157 513 2199 neo
531 2140 731 2217 angustissimo
747 2157 818 2216 gyro
834 2137 1011 2214 ingeniorum
1021 2137 1071 2194 im-

69 2230 149 2298 petus
163 2223 376 2300 reiningeudos.
404 2209 541 2296 &enim
555 2222 609 2284 alia
625 2221 748 2283 oondltio
763 2230 917 2298 oratorum,
932 2219 987 2280 alia
1000 2225 1072 2298 poe·
1061 2225 1098 2281 -8

70 2313 163 2366 tarum.
185 2307 275 2381 Quasi
294 2305 417 2367 verobl.
435 2305 543 2367 Tullius
563 2307 653 2369 minus
674 2305 785 2366 audeat.
807 2304 981 2404 Quamquam
995 2303 1071 2362 buno

71 2391 179 2451 omitto:
196 2408 293 2470 neque
306 2393 379 2452 enim
393 2390 498 2469 ambigi
511 2398 590 2469 puto
618 2389 676 2450 Sed
692 2388 929 2450 Demosthenes'
921 2406 1002 2467 ipse,
1020 2385 1072 2448 ille

34 2473 162 2535 tinorma
180 2477 303 2536 oratoris
322 2484 351 2536 et
365 2473 481 2574 regula,
501 2493 568 2534 num
588 2491 622 2536 se
640 2473 756 2534 eobibet
778 2483 806 2535 et
810 2472 989 2573 conprimit,
1008 2487 1072 2531 eum

71 2553 134 2620 dicit
147 2561 299 2620 notissima
317 2557 366 2619 illa
382 2551 562 2660 ἄνθρωποι
579 2553 694 2639 μιαροὶ
710 2553 766 2618 καί
777 2551 917 2629 κόλακες
930 2517 989 2617 καί
995 2547 1072 2616 aad·

70 2651 191 2742 σιορες,
205 2653 237 2704 et
249 2660 347 2704 rursus
364 2634 405 2704 οὗ
425 2642 535 2714 λίθοις
547 2633 690 2739 ἐτείχισα
701 2632 763 2720 τὴν
775 2634 876 2704 πόλιν
888 2631 969 2700 ουδὲ
980 2638 1072 2700 πλίν-

70 2716 168 2796 θοις’
154 2720 234 2805 εγιί,
243 2734 272 2787 ιι
284 2728 377 2788 statim
389 2717 452 2787 οὐκ
465 2717 502 2787 ἐκ
513 2718 575 2804 μὲν
585 2716 753 2824 θαλαιιης
758 2743 825 2823 την
831 2715 984 2804 Euboean
994 2740 1073 2820 προ-

71 2804 232 2911 βαλέσθαι
245 2801 309 2890 πρὸ
322 2810 380 2889 τῆς
393 2801 556 2909 Ἀττιιιῆς;
578 2818 608 2870 ιι
621 2801 717 2870 alibi’
705 2828 770 2886 sym
758 2800 826 2868 δὲ
843 2799 933 2906 οἶμαι
945 2789 1073 2886 gadof
1044 2824 1070 2864 ιιι

36 2880 208 2972 ouvoueg’
202 2895 388 2974 Aduatucos,
401 2884 444 2971 νὴ
455 2885 535 2966 τούς
545 2884 650 2966 benus
662 2883 794 2953 ἐκεῖνον
805 2883 949 2970 μεθύειν
959 2888 1006 2950 τοι
1016 2907 1071 2967 με·

70 2970 161 3051 yades
178 2995 249 3037 των
267 2937 531 3120 neuouyqus‘rmrq?
553 2976 611 3037 lam
625 2975 693 3056 quid
705 2975 853 3036 audentius
869 2973 920 3034 illo
938 2951 1071 3054 pulcher·
1080 2977 1098 3034 9

70 3058 137 3121 rimo
153 3078 280 3124 excessu
295 3055 426 3160 νόσημα
437 3052 500 3161 γάρ
508 3057 619 3135 touta
633 3060 716 3137 haee,
730 3060 862 3121 breviora
876 3057 1072 3158 superioribus

72 3142 249 3206 sedandaoia
263 3141 361 3224 paria?
381 3136 456 3206 ιόιε
474 3133 543 3245 ἐγω
528 3137 668 3245 μὲν
636 3144 682 3204 soi
700 3134 847 3205 Πύθωνι
862 3136 1071 3240 θρασυνομέ-

71 3243 117 3320 aqu
135 3223 191 3288 καὶ
209 3229 321 3312 πολλῷ
336 3223 446 3334 ῥέοντι
463 3219 543 3290 καθ’
564 3205 678 3325 ὑμῶν
694 3225 740 3287 Ειι
752 3225 852 3288 eadem
863 3234 930 3287 nota
942 3216 1023 3284 ὅταν
1036 3215 1072 3284 δὲ

37 3285 109 3368 biba
127 3290 318 3386 πλεονεξίας
334 3307 388 3373 καὶ
405 3311 566 3411 πονηρίας
583 3330 633 3384 τις
650 3301 763 3391 ωσπερ
781 3295 881 3382 οὗτος
897 3297 1068 3408 loxvoq,‘
1051 3327 1071 3386 q

73 3388 183 3474 πρώτη
201 3388 370 3476 πρόφασις
389 3391 444 3457 καί
460 3390 582 3494 μικρὸν
599 3401 743 3474 πταῖσμα
762 3386 870 3455 πάντα
887 3383 1073 3491 ἀνεχαίτισε

73 3472 125 3536 καί
136 3475 280 3540 διέλυσε
303 3478 404 3541 Simile
417 3479 463 3542 his
478 3466 809 3577 ιἰπεσχοινισμίνος“
788 3488 891 3538 απασι
903 3481 971 3548 ιοϊς
984 3465 1022 3537 ἐν
1032 3473 1073 3555 τῇ
1121 3495 1122 3500 ’

73 3553 165 3622 πόλει
177 3560 320 3638 δικαίοις
337 3573 366 3625 ιι
381 3563 486 3625 ibidem
500 3555 543 3624 συ
555 3555 615 3623 τὸν
627 3581 641 3623 ε
643 3560 787 3635 ίςιαυια
799 3557 894 3622 ἔλεον
906 3554 1072 3640 προδίδω-
