2580 3970
163 285 165 291 ·
186 267 249 331 280
609 266 641 326 G.
663 265 761 326 PLlNl

186 430 284 482 contra
299 419 381 497 leges
398 419 516 480 iecisse.
537 417 668 497 Magnum
683 419 739 482 hoc
755 428 832 498 erat,
848 438 912 480 cum
925 423 1120 499 promitterem
1131 441 1193 484 ma-

185 507 247 582 ius,
263 512 413 583 postquam
426 503 602 581 praestitisti.
625 502 682 563 Iam
694 505 799 564 totiens
811 504 973 583 procedere
986 505 1015 564 in
1027 515 1133 585 rostra,
1149 510 1193 566 in-

186 605 336 650 escensum
352 585 431 646 illum
445 587 598 664 superbiae
612 587 771 666 principum
789 587 884 648 locum
897 598 1011 666 terere,
1033 583 1081 649 ldc
1096 593 1193 650 susci·

185 690 256 750 pere
277 671 323 730 bic
343 687 452 748 ponere
467 671 661 748 magistratus,
688 689 770 750 quam
787 671 901 749 dignum
913 681 961 748 te,
989 689 1131 751 quamque
1149 673 1191 734 di·

185 772 298 816 versum
315 752 519 814 consuetudine
534 752 645 813 illorum
660 757 708 833 qui
726 754 856 833 pauculis
878 754 978 815 diebus
992 764 1106 832 gestum
1120 774 1193 818 con·
1210 765 1224 816 5

186 839 321 916 sulatum,
345 839 429 896 immo
450 853 506 896 non
521 845 633 915 gestum
646 837 806 898 abiciebant
821 856 875 917 per
889 837 1024 898 edictum!
1055 837 1119 898 Hoc
1136 857 1192 918 pro

186 925 336 998 contione,
352 923 538 1000 prorostris,
554 926 606 1000 pro
621 923 683 982 inre
697 921 813 983 iurando
819 944 827 992 ;
847 921 961 983 scilicet
976 931 1006 982 ut
1021 923 1119 1000 primis
1140 941 1191 982 cx-

185 1016 275 1066 treme
290 1013 493 1082 congruerent,
511 1013 597 1084 ntque
612 1004 668 1065 hoc
685 1005 750 1066 solo
763 1004 1000 1084 intellegerentur
1014 1005 1070 1084 ipsi
1084 1023 1191 1067 consu·

185 1089 229 1149 les
244 1089 333 1149 luisse
351 1087 427 1167 qnod
439 1087 487 1148 alii
502 1105 559 1148 non
573 1088 702 1149 luissent.

132 1177 173 1238 66
246 1170 310 1231 Νοιι
325 1171 482 1250 transsilui3
501 1180 596 1250 patres
613 1173 785 1250 conscripti,
800 1173 937 1250 principis
951 1173 1041 1232 nostri
1055 1173 1189 1233 consula·
1199 1181 1228 1234 ltt

183 1267 258 1334 turn,
285 1254 338 1316 sed
358 1255 479 1316 eundem
499 1257 527 1314 in
547 1255 642 1315 locum
662 1255 768 1315 contuli
789 1254 923 1334 quidquid
944 1255 980 1315 de
993 1257 1055 1315 iure
1070 1255 1189 1315 iurando
1277 1265 1278 1352 q

184 1338 333 1401 dicendum
355 1347 424 1400 erat.
455 1338 557 1417 Neque
574 1341 664 1417 enim,
690 1348 721 1399 nt
742 1341 770 1399 in
790 1339 881 1399 sterili
895 1339 1046 1416 ieiunoque
1060 1343 1189 1417 materia,
1277 1381 1278 1386 η

184 1423 301 1484 eandem
318 1423 446 1500 speciem
466 1423 555 1484 laudis
578 1421 713 1483 diducere
730 1441 764 1482 ac
775 1439 917 1500 spargere
932 1430 1017 1500 atquc
1034 1421 1190 1482 identidem

183 1515 304 1566 tractare
320 1505 466 1568 debemus.
498 1506 640 1567 lnluxerat
661 1507 768 1586 primus
789 1505 950 1568 consulatus
971 1505 1106 1583 midias,
1130 1523 1188 1584 quo
1277 1507 1278 1550 ι

183 1601 213 1651 tu
231 1591 335 1648 curiam
349 1591 514 1667 ingressus,
535 1608 610 1650 nunc
625 1590 752 1668 singulos
768 1607 843 1650 nuno
857 1591 1008 1650 universos
1022 1588 1187 1651 adhortatus
1198 1600 1226 1650 15

184 1691 216 1734 cs
226 1689 373 1732 resumere
388 1673 563 1750 libertatem,
581 1690 736 1751 capessere
747 1675 828 1753 quasi
844 1673 999 1734 communis
1009 1674 1122 1751 imperii
1140 1691 1189 1733 cn·

182 1775 241 1835 ras,
257 1755 405 1832 invigilare
421 1756 543 1834 publicis
556 1756 720 1818 utilitatibus
733 1767 762 1818 et
774 1760 932 1836 insurgere.
956 1755 1062 1816 Omnes
1075 1765 1143 1816 ante
1159 1767 1188 1817 te

183 1841 283 1902 eadem
298 1841 352 1900 ista
368 1839 508 1917 dixerunt,
526 1841 629 1901 nemini
640 1849 733 1901 tamen
747 1850 812 1901 ante
826 1850 854 1902 te
868 1841 1005 1900 creditum
1019 1849 1075 1900 est.
1098 1839 1188 1900 Erant

183 1925 236 1985 snb
260 1922 350 1984 oculis
370 1923 515 2002 naufragia
535 1923 701 2002 multorum,
734 1941 806 2003 quos
827 1923 962 1985 insidiosa
983 1922 1188 2002 tranquillitate

183 2015 338 2086 provectos
352 2007 514 2085 inprovisus
528 2009 612 2069 turbo
624 2006 794 2085 perculerat.
818 2007 902 2081 Quod
917 2009 991 2067 enim
1001 2015 1055 2067 tam
1070 2007 1228 2068 inlidumtu
1277 2067 1278 2078 p

183 2109 260 2150 marc
277 2108 359 2168 quam
376 2090 528 2152 blanditiae
544 2093 707 2170 principum¹
717 2091 847 2168 illorum,
865 2091 967 2168 quibus
981 2098 1055 2151 tanta
1069 2089 1186 2168 levitas,

183 2183 258 2234 tanta
272 2173 349 2234 baua
363 2183 393 2234 ut
408 2173 519 2235 facilius
535 2184 615 2237 esset
629 2177 717 2236 iratos
732 2192 814 2254 quarn
829 2175 971 2254 propitios
986 2170 1116 2235 babere?
1146 2173 1187 2234 'l'e

182 2275 252 2318 vero
269 2259 364 2317 securi
380 2268 409 2319 et
431 2257 541 2318 alacres
556 2275 613 2338 quo
628 2276 717 2319 vocas
739 2259 893 2337 sequimur.
926 2257 1012 2318 Iubes
1029 2275 1097 2317 esse
1114 2255 1187 2318 libe·

182 2359 245 2410 ros;
267 2341 387 2402 erimus:
408 2341 490 2403 iubes
505 2359 578 2420 quae
593 2343 729 2402 sentimus
744 2358 877 2419 promere
891 2344 919 2402 in
935 2341 1072 2408 medium3
1088 2341 1187 2420 proie-

182 2441 288 2484 remus.
319 2420 421 2503 Neque
444 2425 518 2484 enim
538 2424 630 2484 adbnc
652 2427 762 2502 ignavia
782 2425 901 2504 quadam
920 2434 949 2485 ct
964 2426 1049 2485 insito
1066 2432 1226 2503 torporem

183 2507 370 2568 cessavimus:
395 2514 490 2566 terror
504 2515 533 2566 et
548 2516 641 2568 metus
663 2517 693 2568 et
712 2509 816 2568 misera
834 2508 883 2569 illa
900 2526 937 2568 cx
950 2506 1089 2587 periculis
1112 2508 1188 2569 iacta

181 2589 330 2668 prudentia
344 2591 477 2650 monebat
490 2597 521 2650 ut
532 2608 547 2650 a
558 2609 590 2650 re
605 2589 719 2670 publica
734 2591 825 2670 (nulla
836 2602 896 2652 erat
907 2601 1000 2652 autem
1012 2593 1127 2652 omnino
1138 2609 1187 2652 res

181 2673 310 2754 publicu)
327 2673 427 2734 oculos
442 2692 525 2735 aures
539 2677 645 2735 animos
659 2684 863 2736 averteremus.
882 2673 920 2735 At
934 2693 1008 2735 nune
1024 2684 1072 2734 tua
1088 2673 1188 2736 dextra

181 2759 295 2835 tuisque
308 2758 457 2837 promissis
474 2758 540 2819 iveti
554 2767 584 2818 et
604 2760 707 2836 innixi,
728 2758 849 2838 obsepta
865 2759 969 2819 diutina
982 2759 1121 2820 servitute
1139 2777 1188 2819 ora

181 2860 342 2903 reseramus
353 2842 545 2920 frenatamque
560 2851 602 2904 tot
616 2839 696 2903 malis
707 2841 830 2920 linguam
847 2842 1027 2904 resolvimus.
1048 2841 1099 2904 Vis
1111 2846 1227 2904 enimttt

181 2925 255 2985 tales
271 2944 339 2986 esse
355 2943 407 2986 nos
422 2925 522 3004 quales
538 2926 637 3003 iubes,
658 2925 785 3005 nihilque
806 2925 1051 2987 exhortationibus
1068 2927 1126 2986 tuis
1143 2927 1187 2986 iu·

183 3017 292 3086 catum,
313 3008 381 3068 nibil
397 3007 564 3087 subdolum,
588 3009 710 3087 denique
725 3008 794 3070 nibil
810 3010 887 3089 quod
902 3009 1067 3071 credentem
1082 3009 1187 3070 fallere

182 3102 279 3172 paret,
295 3109 351 3151 uon
366 3092 427 3153 siue
444 3093 573 3170 periculo
589 3092 722 3154 fallentis.
745 3092 848 3173 Neque
864 3095 938 3155 enim
953 3111 1083 3173 nmquam
1099 3093 1186 3156 dece-

126 3174 169 3238 67
182 3185 247 3255 ptus
269 3186 314 3237 est
335 3178 471 3255 princeps
485 3178 539 3238 nisi
555 3179 603 3257 qui
618 3179 697 3257 prius
713 3180 776 3256 ipse
791 3178 917 3255 decepit.
950 3176 1093 3256 Equidem
1109 3177 1186 3237 hunc

180 3259 304 3338 parentis
326 3259 434 3340 publici
456 3279 571 3321 sensum
592 3279 656 3321 cum
669 3279 706 3320 ex
720 3263 846 3322 oratione
866 3263 928 3323 eius
946 3271 1005 3322 turn
1019 3263 1226 3340 pronuntia-et

180 3345 257 3403 tione
272 3344 334 3422 ipsa
348 3345 535 3423 perspexisse
549 3345 659 3405 videor.
682 3343 761 3418 Quae
777 3346 852 3406 enim
864 3343 915 3406 illa
927 3347 1051 3423 gravitas
1066 3354 1184 3406 senten·

180 3425 291 3488 tlarum!
307 3445 389 3506 quarn
401 3427 569 3489 inadfectata
580 3429 684 3490 veritas
697 3427 863 3490 verborum!
877 3446 951 3507 qnae
963 3427 1144 3490 adseveratio
1156 3431 1185 3490 in

178 3508 267 3570 voce!
289 3527 361 3590 quae
376 3509 529 3572 adfirmatio
544 3513 572 3571 in
586 3510 679 3572 vultu!
702 3522 803 3592 quanta
817 3515 846 3573 in
861 3511 971 3592 oculis,
993 3512 1106 3591 babitu,
1130 3530 1183 3590 ge·
