2584 3972
158 243 197 312 5?
585 241 618 303 G.
641 242 738 304 PLlNl

133 404 255 466 ateneat
276 395 397 454 modurn.
430 394 519 456 Erunt
535 395 630 456 oiircia
645 395 827 472 antelucana,
849 397 876 454 in
891 413 963 474 quae
978 394 1105 463 incidero
1121 398 1168 458 in·

159 496 234 558 pune
249 497 285 539 ne
301 478 401 539 Catoni
416 481 528 559 quidem
543 479 633 557 licuit,
649 497 733 559 pern
744 489 837 540 temen
850 477 882 539 G.
896 477 1002 540 Cacsar
1013 482 1052 540 ita
1064 497 1168 558 reprc-

84 637 86 642 .
132 561 255 633 shcndit
271 573 300 624 ut
315 563 417 624 laudet.
440 564 585 626 Describit
599 553 675 623 enirn
690 580 741 624 ecs
757 564 858 642 quibus
875 563 976 625 obvius
991 564 1083 623 luerat
1099 582 1165 624 cunr

159 655 244 726 caput
258 648 329 708 ebrii
343 650 534 725 retexissent,
557 649 721 709 erubuisse:
744 646 846 707 deinde
860 646 945 708 adicit
962 653 1089 727 ‘putares
1104 666 1164 710 non

158 731 193 792 ab
215 731 270 791 illis
291 728 444 810 Catonern,
466 731 517 792 sed
538 731 603 791 illos
623 729 762 792 acatone
778 730 997 808 deprehensos?
1030 730 1191 812 Potuitne5

159 815 223 893 plus
238 817 411 876 auctoritatis
426 816 510 876 tribui
531 813 631 877 (latoni
653 832 735 895 quam
756 816 782 876 si
797 815 893 875 ebrius
910 833 1024 895 quoque
1039 824 1095 876 tarn
1109 834 1161 877 ve·

131 899 290 960 lnerubilis
307 896 388 959 erati
410 898 532 960 Nostrae
555 907 648 960 nmen
668 917 758 962 cenes
778 906 809 957 nt
823 908 973 978 apparatus
989 909 1019 960 ct
1034 899 1161 978 inpendii

157 985 201 1044 sic
216 983 353 1062 temporis
375 983 475 1044 modus
495 992 617 1045 constet.
649 982 752 1062 Neque
767 984 840 1042 enirn
855 985 874 1042 ii
888 1000 984 1042 snmus
1000 1001 1072 1061 quos
1084 985 1160 1043 'vitu-

157 1085 259 1146 perare
273 1085 309 1126 ne
325 1067 428 1128 inimici
445 1068 559 1147 quidem
578 1068 690 1145 possint
708 1068 762 1126 nisi
777 1074 807 1125 ut
823 1067 904 1126 simul
920 1066 1042 1128 laudent.
1076 1067 1160 1128 Vale.

621 1198 699 1260 xrrr.
1170 1173 1208 1226 ¹⁰

354 1302 381 1355 G.
401 1301 525 1352 PLINIUS
542 1300 682 1354 VOGONIO
700 1299 835 1353 ROMANO
853 1300 913 1380 SUll
930 1299 956 1355 S.

134 1415 146 1464 l
219 1403 332 1463 librum
353 1421 410 1484 quo
429 1422 521 1483 nuper
536 1405 641 1483 optimo
655 1405 778 1483 principi
796 1402 896 1463 consul
910 1404 1015 1481 gratias
1034 1403 1082 1480 egi
1096 1405 1160 1464 misi

130 1489 282 1564 derigenti
296 1488 363 1564 tibi,
379 1489 533 1564 missurus,
550 1490 604 1547 etsi
619 1503 675 1547 non
690 1490 850 1565 exegisses.
874 1486 906 1546 ln
920 1487 977 1548 hoc
992 1487 1160 1548 consideres

73 1609 88 1636 .
155 1571 241 1631 velim
256 1580 286 1631 ut
301 1570 537 1650 pulchritudinem
559 1572 692 1631 materiae
714 1573 752 1632 ita
767 1570 969 1632 dillicultetcm.
1004 1569 1036 1630 ln
1052 1573 1158 1632 ceteris
1169 1587 1206 1639 15

156 1656 230 1716 enirn
250 1655 389 1716 lectorem
409 1657 520 1716 novitas
542 1656 605 1732 ipsa
624 1656 762 1716 intentum
777 1655 884 1733 habet,
906 1657 934 1715 in
949 1655 1002 1716 hac
1017 1663 1082 1716 nota
1097 1653 1159 1714 vul-

155 1748 220 1816 gatu
236 1739 390 1801 dictasunt
406 1740 512 1807 omnim
535 1755 592 1818 quo
611 1740 641 1799 lit
655 1747 685 1799 ιιι
703 1741 783 1818 quasi
797 1741 908 1802 otiosus
923 1756 1100 1817 securusque
1116 1738 1160 1799 le·

157 1832 220 1882 ctor
236 1832 341 1884 tanturn
356 1823 510 1884 elocutioni
525 1830 626 1900 uacet,
649 1824 677 1882 in
692 1839 746 1901 qua
762 1823 928 1884 satisfacere
943 1821 1085 1882 diilicilius
1101 1830 1158 1900 est,

129 1913 220 1967 3cum
235 1906 296 1966 solu
310 1908 480 1968 aestimatur.
508 1905 603 1985 Atque
618 1909 722 1966 utinam
737 1907 806 1967 ordo
823 1906 924 1968 saltem
939 1915 968 1966 et
982 1908 1114 1966 transitus
1129 1915 1159 1966 et

155 1991 261 2068 figurae
276 1989 358 2050 simul
372 1989 582 2069 spectarentur!
602 1989 673 2051 Nam
688 1992 813 2051 invenire
829 1990 992 2070 praeclare,
1011 1993 1205 2065 enuntiarem

154 2075 303 2152 magnifice
319 2075 457 2136 interdum
472 2078 557 2136 ctiam
570 2075 680 2137 barbari
696 2074 806 2153 solent,
823 2074 976 2152 disponere
991 2082 1069 2152 apte,
1087 2076 1157 2152 ligu-

129 2164 218 2219 lrare
233 2161 310 2219 varie
325 2161 377 2218 nisi
394 2158 509 2220 eruditis
525 2170 658 2237 negatum
674 2168 727 2221 est.
750 2158 813 2220 Nec
827 2174 897 2218 vero
914 2156 1082 2218 adiectanda
1092 2168 1159 2219 sunt

155 2260 271 2321 semper
285 2242 358 2302 elata
374 2253 404 2304 et
419 2244 546 2303 excelsa.
567 2243 638 2304 Nam
652 2253 682 2303 ut
697 2245 726 2302 in
740 2235 848 2322 pictura
862 2241 957 2302 lumen
970 2259 1027 2302 non
1040 2241 1094 2302 alia
1108 2259 1157 2302 res

153 2328 243 2402 magis
257 2343 340 2405 quam
354 2327 451 2386 umbra
468 2327 660 2404 commendat,
682 2329 719 2386 ita
741 2327 896 2387 orationem
911 2336 967 2386 tam
982 2329 1157 2386 summittere

129 2417 236 2488 5quum
250 2407 381 2469 attollere
397 2408 490 2469 decet.
514 2409 572 2469 Sed
587 2408 653 2488 quid
664 2426 720 2486 ego
732 2410 803 2470 lraec
815 2410 980 2472 doctissimo
992 2407 1074 2471 viro?
1090 2413 1156 2489 quin
1165 2426 1201 2479 25

155 2493 249 2570 potius
271 2491 358 2569 illud,
379 2491 480 2553 adnutu
495 2511 567 2571 quae
583 2495 725 2572 putaveris
742 2493 920 2571 corrigenda.
953 2492 994 2554 lta
1009 2495 1082 2554 enirn
1099 2510 1156 2553 rna·

153 2577 198 2653 gis
214 2574 326 2636 credam
343 2585 439 2638 cetera
454 2577 504 2636 tibi
520 2575 645 2655 placere,
662 2579 685 2636 si
702 2577 839 2655 quaedam
855 2577 1035 2656 displicuisse
1047 2593 1157 2655 cogno·

152 2676 232 2721 vero.
263 2658 343 2720 Vale.

604 2793 697 2856 xllll.

441 2892 470 2943 c.
488 2892 614 2944 PLINIUS
632 2893 740 2946 scruto
758 2893 860 2949 SUOS.

128 3008 143 3060 l
214 2996 286 3056 Rern
299 3005 426 3057 atrocem
440 3014 495 3056 nec
510 3006 615 3057 tanturn
632 2997 754 3074 epistula
768 2997 879 3076 dignam
894 2996 1010 3075 largius
1022 2996 1156 3076 Macedo,

153 3084 197 3141 vir
217 3081 393 3161 praetorius,
413 3081 534 3141 acervis
550 3082 608 3140 suis
624 3099 726 3161 puseus
743 3092 805 3160 est,
822 3081 964 3159 superbus
984 3081 1090 3162 alioqui
1105 3080 1156 3144 do·

153 3166 242 3226 miuus
259 3171 288 3224 et
301 3181 405 3225 saevus
422 3173 450 3224 et
466 3166 513 3242 qui
528 3167 655 3226 servisse
670 3176 778 3244 patrem
794 3183 875 3225 suurn
889 3183 998 3245 parum,
1013 3168 1098 3228 immo
1113 3167 1156 3225 ni·

128 3250 237 3308 unium
257 3248 440 3308 meminisset.
473 3247 627 3310 Lauabnur
646 3249 754 3310 invilla
773 3249 933 3310 Formiana:
954 3259 1074 3330 repente
1090 3257 1201 3313 eumilo

154 3333 229 3392 servi
255 3332 474 3393 circumsistunt:
501 3332 572 3393 alius
593 3332 691 3394 lauces
712 3333 832 3410 invadit,
861 3333 933 3394 alius
954 3351 987 3394 os
1008 3335 1153 3413 verberat,

153 3415 224 3476 alius
239 3424 342 3494 pectus
359 3424 387 3475 et
401 3426 531 3478 ventrem
544 3425 631 3494 utque
653 3418 754 3495 etiarn,
778 3416 893 3479 ioedum
913 3417 1006 3494 dictu,
1028 3418 1155 3478 verenda

154 3496 312 3567 contundit:
336 3509 364 3559 et
378 3518 442 3560 curn
456 3502 612 3562 exanimem
626 3511 772 3580 putarent,
794 3502 918 3562 abiciunt
931 3503 959 3562 in
973 3501 1088 3564 fervens
1104 3520 1156 3581 pa·

1164 2840 1201 2896 ³0
