2580 3978
175 276 217 340 tu
604 273 636 336 Ο.
658 273 756 336 PblNl

150 437 403 509 upermoveretur.
436 428 641 490 Potesttamen
658 429 718 488 lieri
732 439 763 490 nt
780 445 946 507 quamquam
959 427 988 488 in
1003 427 1047 487 his
1061 425 1184 486 difficul-

177 514 282 574 tatibus
302 511 375 573 libro
397 514 443 572 isti
463 515 574 573 novitas
598 512 794 590 lenocinetur,
824 513 933 571 novitas
953 511 1029 589 apud
1050 519 1182 580 nostros:

177 596 252 676 apud
265 594 392 657 Graecos
410 598 486 656 enim
501 605 547 658 est
558 595 688 674 quiddam
700 597 825 674 quamvis
840 613 878 654 ex
891 594 1005 655 diuerso
1019 603 1183 656 nontamen

151 682 291 744 somnino
306 679 452 740 dissimile.
473 678 544 740 Nam
558 689 589 739 ut
599 679 655 740 illis
667 689 728 740 erat
740 682 826 740 moris
842 678 925 756 leges
941 697 1010 758 quas
1025 689 1056 739 ut
1071 687 1183 738 contra-

177 766 233 826 rias
245 763 386 842 prioribus
399 762 513 841 legibus
525 764 681 841 arguebant
697 762 811 823 aliarum
828 761 982 823 collatione
997 765 1181 840 convincere,
1193 779 1209 830 5

177 851 216 908 ita
232 847 315 908 nobis
327 849 424 908 inesse
434 847 654 926 repetundarum
665 845 725 924 legi
738 846 813 926 quod
828 845 1037 924 postularemus
1053 864 1117 905 curn
1128 846 1183 906 hac

131 979 132 984 1
177 934 240 1010 ipsa
255 930 323 1010 lege
337 940 396 991 tum
410 930 473 991 aliis
485 930 676 1008 colligendum
687 931 752 1000 init:
770 930 845 1009 quod
859 947 1037 1008 nequaquam
1050 928 1184 991 blandum

178 1016 292 1075 auribus
306 1016 491 1092 inperitorum
504 1023 582 1075 tanto
596 1017 732 1075 maiorem
742 1013 817 1094 apud
829 1013 930 1074 doctos
944 1013 1050 1074 babere
1065 1016 1183 1092 gratiam

151 1099 282 1177 eleuet,
308 1107 413 1177 quanto
434 1101 571 1158 minorem
590 1098 665 1176 apud
681 1097 810 1160 indoctos
828 1098 923 1158 habet.
955 1095 1016 1157 Nos
1031 1107 1141 1176 autem,
1157 1101 1183 1157 si

177 1181 318 1262 placuerit
339 1183 477 1261 recitare,
499 1181 648 1242 adhibituri
670 1199 765 1243 sumus
789 1180 1007 1242 eruditissimum
1028 1199 1182 1261 quemque.
1193 1205 1226 1258 10

179 1265 237 1326 Sed
251 1264 336 1345 plane
351 1265 443 1327 adhuc
458 1285 493 1326 an
507 1268 544 1326 sit
563 1265 737 1326 recitandum
754 1267 881 1328 examina
896 1274 1008 1340 tecum,
1030 1267 1182 1344 omnisque

179 1367 251 1429 quos
263 1367 319 1427 ego
335 1353 410 1409 movi
427 1351 455 1409 in
473 1359 593 1428 utraque
608 1360 689 1429 parta
705 1348 832 1410 calculos
846 1367 940 1428 ponc,
957 1347 1044 1426 idque
1062 1348 1140 1427 elige
1155 1351 1187 1410 in·

179 1449 235 1512 quo
251 1436 351 1494 vicerit
365 1436 447 1494 ratio.
466 1435 533 1494 Ate
545 1436 618 1493 enim
634 1437 705 1494 ratio
718 1435 851 1511 exigitur,
867 1450 920 1493 nos
936 1434 1083 1494 excusabit
1098 1434 1183 1495 obse-

179 1518 282 1596 quium.
312 1516 394 1576 Vale.
801 1533 806 1541 ·

646 1649 702 1711 XX
1192 1617 1225 1668 15

446 1749 473 1804 O.
494 1750 620 1802 PLINIUS
641 1749 788 1802 GALVISIO
808 1749 869 1802 SUO
887 1749 913 1804 S.

154 1865 165 1918 1
238 1851 343 1913 Assem
355 1869 423 1931 para
438 1862 467 1914 et
480 1855 582 1933 accipe
597 1871 710 1914 auream
721 1852 855 1932 fabulam,
873 1853 982 1913 fabulas
996 1854 1096 1912 immo:
1119 1869 1183 1912 nam
1284 1877 1285 1904 l

178 1953 225 1996 me
240 1937 365 2014 priorum
382 1953 456 1996 nova
470 1936 629 2015 admonuit,
648 1956 704 1998 nec
717 1937 807 1998 refert
821 1955 839 1997 a
853 1955 907 2016 qua
922 1938 1099 2016 potissimum
1112 1936 1182 1996 inci-
1284 1909 1285 1961 ¹

152 2020 261 2099 apium.
277 2018 399 2082 Verania
410 2020 520 2082 Pisonis
531 2024 657 2099 graviter
667 2021 884 2099 iacebat,buius
896 2021 962 2082 dico
974 2020 1084 2081 Pisonis
1098 2037 1227 2098 quemqo

180 2102 269 2165 Galba
283 2104 434 2183 adoptavit.
458 2104 503 2165 bd
517 2105 590 2166 hanc
604 2105 734 2184 Regulus
748 2107 834 2166 uenit.
861 2105 981 2165 Primum
991 2103 1184 2183 inpudentiam

179 2187 299 2248 hominis
316 2191 363 2268 qui
375 2191 487 2263 venerit
499 2188 534 2248 ad
547 2208 672 2268 aegram,
687 2192 767 2251 cuius
781 2191 879 2249 marito
891 2190 1110 2265 inimicissimus,
1127 2190 1183 2267 ipsi

151 2272 365 2336 ainvisissimus
380 2272 481 2334 iuerat.
502 2271 586 2350 Esto,
603 2275 628 2334 si
643 2275 721 2333 venit
734 2282 854 2334 tantum:
870 2272 906 2333 ad
920 2272 969 2333 ille
986 2275 1069 2333 etiam
1086 2273 1183 2350 proxi·

178 2372 240 2415 mus
254 2364 317 2414 toro
334 2355 419 2432 sedit,
436 2373 494 2434 quo
509 2354 566 2434 die,
584 2374 640 2434 qua
654 2357 724 2416 hora
737 2365 802 2417 nata
816 2366 896 2418 esset
910 2358 1104 2434 interrogavit.
1127 2355 1183 2416 Ubi

179 2437 282 2514 audiit,
300 2441 444 2518 componit
458 2437 582 2517 uultum,
604 2438 723 2500 intendit
737 2440 856 2518 oculos,
872 2449 969 2501 movet
983 2440 1077 2514 labra,
1093 2441 1225 2518 agitatus

179 2520 296 2598 digitos,
311 2532 468 2601 computum
482 2521 567 2582 nibil:
582 2533 613 2584 ut
620 2523 666 2583 diu
674 2527 807 2585 miseram
813 2523 1182 2604 expectationesuspendit,

153 2604 293 2668 4‘babes’
316 2605 412 2684 inquid
434 2605 669 2668 ‘climactericum
687 2617 817 2688 tempus,
839 2608 891 2669 sed
907 2609 1022 2670 evades.
1053 2607 1139 2682 Quod
1152 2619 1183 2668 ut
1203 2657 1207 2664 .

179 2689 230 2749 tibi
243 2689 333 2766 magis
348 2689 466 2768 liqueat,
481 2690 663 2770 haruspicem
679 2691 825 2753 consulam
839 2710 924 2770 quem
939 2711 1001 2752 sum
1015 2693 1185 2770 frequenter
1282 2699 1283 2774 l

153 2778 339 2851 esxpeuus’.
362 2771 425 2833 Nec
435 2791 528 2844 moru;
545 2776 715 2836 sacrfficium
726 2775 804 2853 iacit,
820 2775 945 2836 adfirmat
955 2785 1020 2837 exta
1032 2794 1095 2836 cum
1107 2775 1183 2836 side·

177 2873 239 2915 rum
251 2857 457 2933 significatione
471 2875 641 2934 congruere.
661 2857 725 2936 llla,
733 2860 797 2919 utin
805 2858 935 2938 periculo
946 2858 1074 2938 credula,
1085 2859 1227 2938 poeniteo

179 2938 347 3017 codicillos,
367 2939 494 3018 legatum
509 2940 623 3019 Regulo
644 2943 758 3003 scribit:
783 2959 850 3002 mox
870 2944 1056 3020 ingravescit:
1081 2941 1184 3002 clamat
1281 2965 1282 3024 ᾗ

178 3024 302 3084 moriens
317 3022 459 3083 bominem
473 3042 611 3104 nequam,
634 3026 773 3105 pertidum
787 3044 822 3086 ac
836 3025 901 3103 plus
918 3028 1002 3087 etiam
1019 3044 1101 3105 quam
1116 3043 1185 3104 per·

153 3108 288 3186 6iurum,
311 3108 358 3186 qui
379 3108 433 3168 sibi
454 3125 508 3188 per
524 3108 645 3170 salutem
661 3109 709 3169 lilii
725 3111 895 3188 peierasset.
917 3109 997 3170 Facit
1012 3110 1069 3171 boc
1084 3109 1184 3186 Regu·

177 3189 222 3251 lus
237 3207 294 3250 non
308 3193 399 3252 minus
415 3191 557 3254 scelerate
570 3211 653 3273 quam
668 3193 851 3272 frequenter,
875 3193 951 3272 quod
967 3195 1036 3254 iram
1051 3192 1182 3270 deorum,

178 3291 250 3352 quos
273 3275 338 3353 ipse
360 3276 463 3336 cotidie
491 3275 579 3354 fallit,
608 3279 637 3337 in
659 3286 744 3356 caput
764 3275 889 3338 infelicis
909 3280 991 3356 pueri
1012 3277 1227 3344 demutaturae
1280 3317 1281 3322 κ

153 3355 306 3455 illelleius
322 3358 458 3439 Blaesus,
482 3359 532 3421 ille
552 3360 685 3440 locuples
706 3359 882 3438 consularis,
904 3362 1059 3422 novissima
1080 3357 1183 3421 valitu-

178 3439 242 3500 dune
265 3442 494 3505 conflictabatur:
523 3445 657 3524 cupiebat
676 3453 784 3504 mutare
798 3452 1005 3505 testamentum.
1038 3443 1183 3522 Regulus,
1280 3489 1281 3510 l

179 3524 226 3602 qui
243 3537 371 3602 speraret
387 3527 493 3610 aliquid
514 3547 551 3588 ex
566 3530 648 3588 novis
662 3526 784 3606 tabulis,
801 3529 866 3606 quia
879 3545 971 3606 nuper
987 3537 1102 3608 capture
1116 3546 1186 3588 eum
1280 3513 1281 3591 i
