2584 3972
385 277 648 341 EPISTULARUM
661 278 710 340 Vl.
733 287 776 342 19.
792 289 836 342 io.
1061 278 1122 344 121

119 433 210 492 miuus
231 429 433 493 formidolosus
455 431 520 511 quia
541 429 714 510 Campaniae
732 431 843 491 solitus.
875 427 928 490 llla
947 448 1019 492 vero
1036 441 1123 493 nocte

117 517 158 578 ita
171 514 289 576 invaluit
302 523 333 576 ut
348 533 405 576 non
418 515 527 575 moveri
541 517 633 577 omnia
644 516 697 576 sed
710 516 784 576 verti
799 513 992 576 crederentur.
1015 515 1149 579 inrum-s

117 602 160 680 pit
176 598 339 660 cubiculum
352 616 445 659 meum
458 607 563 661 mater:
578 601 742 678 surgebam,
756 599 890 676 invicem,
905 601 930 659 si
945 602 1121 678 quiesceret,

117 685 302 746 excitaturus.
328 681 490 745 liesidimus
504 685 533 743 in
547 701 614 744 area
628 683 738 761 domus,
755 700 829 763 quae
842 700 919 743 mare
935 700 951 743 a
963 685 1048 744 tectis
1062 701 1122 744 mo·

89 767 183 833 odico
199 769 292 846 spatio
307 766 460 828 dividebat.
479 766 585 828 Dubito
601 768 786 828 constantiam
799 783 906 828 vocare
921 784 956 826 an
969 767 1147 846 inprudeno

115 853 184 912 tiam
200 851 334 920 debeam;
355 851 475 930 agebam
496 853 570 911 enim
591 851 870 913 duodevicensimum
891 869 1007 911 anuum:
1032 869 1122 930 posco

115 935 220 996 librum
226 934 281 996 liti
295 933 356 996 biri
371 944 401 996 et
412 937 493 1014 quasi
508 953 562 1015 per
572 937 658 997 otium
669 935 737 1014 lego
752 935 845 1016 adque
860 937 954 1012 etiam,
969 944 1000 996 ut
1016 952 1122 1015 coepe·

114 1035 192 1097 mm,
208 1035 346 1097 excerpo.
378 1017 476 1097 Ecce,
497 1019 604 1081 amicus
621 1019 755 1081 avunculi
764 1066 773 1098 ‚
789 1021 837 1099 qui
851 1037 944 1099 nuper
955 1019 991 1080 ad
1007 1037 1071 1080 eum
1086 1039 1123 1081 ex

115 1103 252 1182 Hispania
265 1111 399 1180 venerat,
422 1111 454 1162 ut
467 1121 512 1163 me
528 1113 557 1164 et
571 1113 689 1164 matrem
708 1103 863 1181 sedentes,
884 1120 931 1162 me
951 1119 1022 1164 vero
1038 1104 1122 1164 etiam

74 1187 263 1265 [elegantem
276 1186 370 1266 videt,
392 1185 470 1246 iilius
484 1188 664 1266 patientiam,
681 1189 864 1250 securitatem
883 1204 975 1248 meam
990 1188 1122 1268 corripit:

114 1271 204 1334 nihilo
219 1273 337 1349 segnius
351 1289 408 1350 ego
423 1271 547 1334 intentus
561 1274 590 1332 in
604 1271 715 1333 librum.
746 1270 804 1333 lam
819 1271 889 1332 bora
904 1270 961 1330 diei
976 1272 1077 1349 prima,
1094 1281 1148 1340 eto

115 1355 210 1416 adbuc
230 1355 331 1416 dubins
352 1364 381 1416 et
402 1355 483 1435 quasi
503 1355 653 1433 languidus
668 1356 740 1416 dies.
772 1354 831 1416 lam
847 1355 986 1434 quassmb
1002 1356 1121 1417 circurn-

114 1439 275 1500 iacentibns
295 1441 397 1515 tectis,
413 1457 580 1519 quamquam
598 1442 628 1500 in
648 1448 750 1519 aperto
770 1439 856 1517 loco,
879 1447 1000 1516 angusto
1015 1447 1119 1516 tamen,

114 1540 235 1600 magnus
250 1531 279 1583 et
293 1531 388 1584 certus
402 1525 500 1584 ruinae
514 1533 617 1586 metus.
640 1523 711 1584 Tum
728 1523 840 1584 demum
855 1521 999 1584 excedere
1014 1522 1148 1602 oppido?

72 1609 106 1662 15
115 1609 224 1668 risum:
245 1609 374 1686 sequitur
392 1607 496 1685 uulgus
516 1611 678 1686 attonitum,
702 1607 836 1688 quodque
856 1609 886 1667 in
905 1624 1012 1686 pavore
1027 1607 1121 1669 simile

113 1689 300 1770 prudentiae,
315 1690 438 1752 alienum
454 1693 604 1754 consilium
617 1710 670 1754 suo
686 1692 813 1772 praefert
827 1692 994 1771 ingentique
1009 1693 1121 1770 agmine

114 1776 245 1836 abeuntis
259 1776 362 1853 premit
382 1785 412 1837 et
431 1775 551 1854 inpellit
583 1776 705 1855 Egressi
718 1785 796 1838 tecta
811 1775 1002 1837 consistimus.
1034 1773 1149 1841 llulta8

114 1859 154 1920 ibi
175 1859 317 1936 miranda,
340 1859 441 1920 multas
462 1860 626 1922 formidines
648 1862 777 1939 patimur.
810 1859 881 1920 Nam
900 1858 1032 1919 velrioula
1048 1876 1121 1939 quae

114 1942 236 2021 produci
250 1945 437 2021 iusseramus‚
460 1962 626 2024 quamquam
640 1945 669 2004 in
683 1945 847 2024 planissimo
864 1959 983 2021 campo,
1008 1943 1037 2002 in
1054 1959 1122 2002 con-

71 2027 218 2092 wtrarias
233 2037 330 2106 partes
345 2028 502 2108 agebantur
515 2046 549 2089 ac
563 2047 601 2088 ne
615 2028 755 2107 lapidibus
770 2028 883 2108 quidem
895 2025 966 2086 fulta
980 2027 1009 2085 in
1020 2025 1122 2086 eodem

113 2112 240 2188 vestigio
262 2111 456 2190 quiescebant.
485 2111 635 2172 Praeterea
656 2129 732 2172 mare
754 2113 782 2171 in
803 2128 836 2173 se
855 2109 1000 2170 resorberi
1021 2119 1051 2170 et
1065 2118 1148 2180 tre-9

114 2211 196 2256 more
212 2204 306 2256 terrae
326 2197 407 2275 quasi
426 2195 531 2275 repelli
545 2195 719 2258 videbamus.
753 2193 841 2256 Certe
856 2202 1041 2273 processerat
1054 2193 1121 2253 litus

114 2279 260 2358 multaque
280 2279 407 2341 animalia
428 2281 513 2342 maris
534 2280 621 2340 siccis
644 2279 758 2340 harenis
779 2277 932 2340 detinebat.
964 2277 1010 2337 lo
1031 2276 1121 2338 altero

114 2363 207 2425 latere
226 2363 318 2424 nubes
338 2372 397 2425 atra
418 2372 448 2424 et
466 2363 607 2425 horrenda
627 2363 706 2442 ignei
720 2365 835 2443 spiritus
850 2365 933 2423 tortis
947 2362 1122 2441 vibratisque

72 2447 293 2508 25discursibus
319 2457 403 2528 rupta
434 2449 463 2508 in
489 2447 590 2526 longas
617 2447 787 2509 flammarum
813 2448 917 2526 figuras
939 2445 1122 2507 dehiscebat:

114 2531 277 2610 fulguribus
296 2531 362 2591 illae
380 2540 409 2592 et
428 2532 537 2594 similes
558 2540 588 2591 et
608 2533 734 2593 maiores
755 2541 844 2594 eraut.
876 2529 947 2591 Tum
960 2547 1032 2590 vcro
1047 2529 1122 2589 idem
1132 2541 1166 2593 10
1202 2553 1208 2560 ·

114 2615 167 2676 ille
189 2633 227 2675 ex
245 2614 380 2695 llispania
400 2617 507 2680 amicus
527 2617 621 2677 acrius
643 2626 672 2678 et
691 2616 837 2677 instantius
860 2615 897 2675 ‘si
918 2615 1017 2674 frater’
1032 2613 1123 2690 inquit

116 2705 206 2778 ‘tuus‚
222 2708 287 2760 tuus
302 2699 458 2760 avunculus
472 2701 553 2778 vivit,
568 2699 630 2760 vult
645 2715 780 2760 essenos
795 2698 908 2760 salvos:
923 2698 948 2757 si
963 2697 1058 2774 periit,
1076 2714 1123 2755 su-

116 2785 254 2864 perstites
274 2783 379 2847 voluit:
406 2784 525 2862 proinde
546 2783 614 2863 quid
635 2785 756 2844 cessatis
777 2779 939 2843 evaderei’
962 2778 1123 2859 Respondi-

74 2876 179 2932 sonus
200 2885 258 2928 non
278 2870 480 2929 commissuros
501 2885 556 2930 nos
575 2876 606 2929 ut
627 2867 663 2928 de
685 2866 776 2928 salute
795 2865 872 2927 illius
892 2866 996 2925 incerti
1008 2872 1124 2924 nostrae

117 2951 342 3014 consuleremus.
373 2950 438 3013 Non
452 2962 576 3013 moratus
596 2951 670 3012 ultra
684 2952 805 3032 proripit
822 2969 855 3011 se
872 2949 1022 3028 effusoque
1038 2966 1123 3008 cursu
1133 2961 1165 3014 11

116 3034 247 3115 periculo
269 3035 403 3098 aufertur.
434 3036 498 3098 Nec
519 3036 607 3097 multo
628 3046 696 3114 post
716 3035 765 3096 illa
781 3035 873 3096 nubes
895 3032 1075 3094 descendere
1095 3034 1124 3091 in

116 3129 220 3198 terras,
236 3123 351 3198 operire
365 3123 464 3182 maria:
478 3121 605 3181 cinxerat
618 3118 744 3200 Gapreas
759 3129 789 3180 et
803 3117 1007 3180 absconderat:
1022 3114 1124 3177 bliseni

117 3204 197 3285 quod
210 3207 352 3282 procurrit
366 3204 531 3266 abstulerat.
563 3202 635 3264 'lum
654 3214 745 3265 mater
758 3221 857 3280 orare,
879 3203 1003 3278 hortari,
1023 3200 1123 3260 iubere
1134 3209 1167 3263 li

76 3299 237 3368 aequoque
258 3288 343 3350 modo
362 3288 507 3368 fugerem;
531 3305 621 3368 posse
643 3291 718 3348 enim
737 3289 885 3363 iuvenem,
907 3304 941 3346 se
956 3293 986 3346 et
1002 3285 1082 3344 annis
1096 3292 1126 3343 ct

119 3389 244 3452 corpore
261 3389 378 3449 gravem
392 3373 466 3433 bene
480 3375 660 3449 morituram,
682 3373 706 3433 si
721 3371 787 3430 mihi
800 3387 886 3431 causa
899 3370 997 3430 mortis
1012 3386 1070 3429 non
1083 3367 1126 3427 fu·

117 3455 202 3517 isset.
223 3453 289 3532 ldgo
304 3465 418 3534 conns,
440 3455 549 3516 salvum
562 3474 608 3515 me
622 3457 677 3515 nisi
691 3473 746 3514 una
757 3471 816 3514 non
829 3453 969 3514 fauturum:
990 3451 1056 3512 dein
1069 3467 1126 3510 ma·

117 3555 186 3600 num
201 3541 264 3600 eius
275 3539 442 3619 amplexus,
462 3539 569 3600 addere
583 3538 701 3618 gradum
717 3554 802 3618 cogo.
834 3536 919 3598 Paret
937 3553 1025 3614 aegre
1046 3535 1125 3593 incu-
