2584 3972
1277 142 1278 208 t

168 281 210 362 st
591 277 624 342 c.
646 277 743 340 nuru

169 432 260 495 valvis
273 442 387 509 xystum
407 431 584 494 desinentem
605 441 634 493 et
652 432 781 511 protinus
800 439 911 509 pratum
930 428 1103 505 multumque
1124 445 1175 487 ru·

169 520 209 579 ris
223 517 317 596 videt,
336 515 472 578 fenestris
492 515 546 578 bac
563 515 636 576 latus
655 516 732 590 xysti
753 523 783 575 et
797 512 875 593 quod
888 512 1002 592 prosilit
1014 509 1100 572 villam
1117 509 1175 572 bac

128 601 326 666 maciacensis
351 597 531 679 hippodromi
550 615 650 660 nemus
675 615 829 677 comasque
848 604 1025 677 prospectat.
1065 592 1174 656 Contra

171 685 290 746 mediam
311 683 373 744 iere
388 685 529 763 porticum
543 683 635 744 diaeta
646 680 759 762 paulum
781 679 910 758 recedit,
932 682 1020 758 cingit
1034 677 1173 755 areolam,
1279 666 1280 744 l

172 787 244 847 quae
259 775 390 846 quattuor
405 765 524 846 platanis
544 767 723 827 inumbratur.
754 765 832 827 lnter
852 764 903 825 bas
918 779 1076 826 marmoreo
1090 761 1200 826 lebroe

171 869 243 931 aqna
256 850 377 912 exundat
393 851 646 928 circumiectasque
658 848 787 929 platanos
802 856 832 910 et
842 847 972 910 subiecta
984 845 1103 926 platanis
1114 845 1175 906 leni

129 946 163 998 21
173 936 325 1012 apergine
345 933 435 996 iovet.
466 932 520 995 Est
539 935 567 993 in
592 932 646 996 hac
671 932 762 994 diaeta
785 933 977 994 dormitorium
999 928 1174 1006 cubiculum,
1280 928 1281 1004 l

174 1017 249 1098 quod
265 1018 340 1078 dem
358 1016 510 1078 clamorem
532 1033 631 1078 sonum
648 1016 792 1094 excludit,
815 1017 966 1094 iunctaque
985 1016 1013 1075 ei
1033 1013 1177 1075 cotidiana

173 1105 326 1163 amicorum
341 1103 470 1179 cenatio,
483 1118 556 1180 quae
570 1099 695 1161 areolam
707 1098 802 1177 illam,
812 1101 953 1179 porticum
965 1097 1046 1160 aban
1061 1096 1176 1158 eadem·

131 1195 231 1265 inque
253 1186 344 1246 omnia
365 1203 437 1265 quae
460 1187 588 1264 porticus
607 1185 720 1263 aspicit.
751 1182 805 1246 Est
825 1193 855 1244 et
877 1182 953 1244 aliud
974 1180 1138 1242 cubiculum
1158 1197 1219 1249 alo
1281 1190 1282 1262 t

173 1287 309 1349 proxuma
322 1267 436 1348 platano
449 1269 540 1330 viride
557 1277 587 1329 et
602 1268 782 1345 umbrosum,
803 1283 941 1327 marmore
960 1264 1106 1327 excultum
1122 1281 1175 1343 po·
1281 1267 1282 1272 ’

174 1353 221 1415 dio
238 1362 333 1430 tenus,
349 1371 404 1414 nec
423 1351 499 1415 cedit
514 1354 621 1432 gratiae
635 1353 781 1412 mmmoris
796 1367 890 1411 ramos
900 1349 1116 1428 insidentesque
1130 1365 1175 1408 ra·

132 1439 227 1500 ituris
248 1455 317 1498 ares
337 1438 441 1498 imitata
460 1438 586 1516 pictura:
610 1434 765 1496 fonticulus
785 1436 813 1494 in
828 1433 901 1510 boc,
916 1436 956 1494 'in
971 1433 1051 1494 ionte
1067 1442 1176 1500 craten
1282 1452 1283 1538 p

177 1521 252 1579 circa
266 1518 408 1597 sipunculi
423 1518 523 1598 plures
537 1521 658 1581 miscent
671 1519 903 1580 iucundissimum
913 1535 1045 1578 murmur.
1067 1515 1101 1578 ln
1111 1533 1176 1576 cor·
1282 1543 1283 1568 r

174 1601 1088 1766 turnprenuntiat?steterint:
1102 1597 1219 1761 titi

133 1769 310 1831 attanensis
320 1771 408 1832 servit
416 1788 451 1832 ac
460 1769 599 1847 subiacet,
615 1772 736 1850 strepitu
744 1772 866 1849 risuque
879 1769 1036 1829 iucundam.
1056 1765 1179 1844 Namex

177 1852 254 1913 edito
269 1852 405 1916 desiliens
419 1871 491 1932 aqua
505 1863 641 1933 suscepta
652 1871 790 1914 marmore
805 1853 936 1914 albescit.
964 1850 1044 1914 Idem
1060 1851 1178 1912 cubicu-

134 1936 233 1998 251m
249 1936 343 1996 hieme
363 1937 586 2017 tepidissimum,
610 1939 674 2016 qnia
687 1937 808 2017 plurimo
822 1936 885 1998 sole
900 1936 1088 2016 perfunditur.
1120 1931 1179 1994 Go-

175 2020 275 2082 haeret
286 2019 501 2100 hypocauston,
522 2030 552 2082 et
573 2023 599 2083 si
619 2021 681 2082 dies
698 2021 828 2098 nubilus,
849 2022 967 2081 inmisso
981 2036 1089 2100 vapore
1106 2016 1222 2084 solino

175 2107 269 2166 vicem
283 2103 409 2185 supplet.
430 2105 500 2166 Inde
513 2105 709 2186 apodyterium
725 2105 828 2166 balinei
844 2103 936 2164 laxum
952 2114 981 2164 et
994 2102 1084 2165 hilare
1097 2103 1178 2164 exci-

176 2190 218 2267 pit
230 2189 304 2250 cella
313 2189 472 2269 ‘frigidaria
487 2191 516 2249 in
532 2207 587 2268 qua
597 2188 793 2268 baptisterium
807 2187 929 2267 amplum
938 2186 1031 2267 adque
1045 2201 1177 2266 opacum.

176 2272 207 2332 Si
222 2281 318 2333 natare
334 2272 418 2334 latius
439 2282 487 2334 aut
500 2272 623 2353 tepidius
639 2272 730 2350 velis,
745 2274 773 2331 in
784 2289 852 2332 area
865 2273 976 2351 piscina
990 2280 1052 2349 est,
1067 2272 1095 2334 ia
1110 2285 1179 2349 pro·

175 2372 261 2416 numo
277 2364 392 2434 putens,
407 2374 446 2416 ex
455 2373 513 2434 quo
522 2357 620 2434 possis
633 2373 730 2417 rursus
741 2355 888 2434 adstringi,
902 2358 927 2417 si
938 2357 1080 2436 paeniteat
1093 2363 1179 2433 tepo-

134 2439 225 2501 26ris.
249 2436 421 2515 Frigidariae
438 2437 531 2499 cabaa
547 2441 706 2500 conectitur
718 2438 824 2518 media,
848 2441 894 2500 cui
913 2439 959 2501 sol
974 2438 1222 2516 benignissimebe

177 2529 294 2601 praesto
309 2530 367 2592 est;
393 2521 532 2583 caldariae
547 2523 653 2600 magis:
671 2524 811 2602 prominet
827 2525 911 2583 enirn.
941 2521 975 2584 ln
988 2523 1113 2585 bactros
1128 2520 1180 2583 de·

178 2606 359 2683 mensiones,
376 2605 447 2668 dnae
461 2607 490 2666 in
504 2605 579 2686 sole,
595 2607 678 2668 tertia
690 2625 707 2667 a
720 2605 784 2668 sole
798 2606 923 2685 lougius,
938 2626 954 2669 a
968 2607 1034 2668 luce
1048 2623 1104 2668 non
1116 2605 1180 2666 lon·

135 2696 169 2753 ii
178 2690 251 2767 gius.
270 2689 448 2769 Apodyterio
459 2692 672 2770 superpositum
687 2699 732 2753 est
746 2690 989 2770 sphaeristerium,
1004 2689 1082 2770 qnod
1096 2689 1182 2769 plura

177 2791 285 2852 genera
308 2776 520 2837 exercitationis
536 2774 693 2854 pluresque
715 2774 839 2837 circulos
855 2777 940 2853 capit.
967 2773 1032 2835 Non
1045 2773 1181 2854 procula

177 2857 290 2920 balineo
307 2858 414 2938 scalae,
431 2860 546 2937 quaein
561 2859 804 2937 cryptoporticum
816 2858 922 2936 ierant,
936 2861 1016 2938 prius
1025 2859 1061 2918 ad
1071 2857 1223 2928 diaetasan

178 2949 247 3002 tres.
279 2940 383 3002 Harum
401 2942 456 3004 alia
468 2940 583 3003 areolae
598 2941 640 3002 illi
656 2944 685 3002 in
700 2958 754 3020 qua
768 2942 872 3022 platani
883 2951 1016 3022 quattuor
1029 2942 1083 3002 alia
1096 2949 1180 3020 prato

178 3022 232 3084 alia
245 3024 337 3086 vineis
356 3027 480 3085 imminet
496 3024 680 3104 diversasque
696 3025 768 3087 caeli
781 3035 878 3105 partes
897 3036 927 3087 ut
941 3035 1115 3105 prospectus
1129 3025 1181 3085 ba·

136 3115 171 3170 28
180 3107 238 3169 bct.
260 3105 294 3168 ln
308 3125 415 3170 summa
429 3110 643 3188 cryptoporticu
659 3109 820 3171 cubiculum
835 3129 872 3172 er
886 3113 949 3189 ipsa
963 3111 1182 3188 cryptoporticu

179 3193 319 3268 excisum,
335 3191 411 3271 quod
424 3191 642 3272 hippodromum
655 3194 754 3256 vineas
770 3204 881 3256 montes
894 3197 1028 3256 intuetur.
1051 3192 1181 3270 Iungitur

180 3275 342 3336 cubiculum
361 3276 474 3338 obvium
488 3276 560 3356 soli,
580 3279 699 3339 maxime
722 3277 850 3339 hiberno.
879 3277 952 3338 llinc
974 3278 1062 3338 oritur
1075 3275 1224 3353 diaetase

181 3374 253 3435 quae
272 3357 357 3420 villae
377 3359 592 3441 hippodromum
608 3361 743 3423 adnectit.
773 3360 852 3421 llaec
874 3361 981 3439 iacies,
1006 3360 1054 3421 bic
1073 3377 1143 3421 usus
1163 3378 1182 3420 a

138 3439 284 3502 roberte.
312 3441 337 3502 A
354 3442 444 3506 latere
463 3447 571 3507 aestiva
588 3445 818 3525 cryptoporticus
833 3446 861 3504 in
877 3444 953 3505 edito
968 3446 1078 3524 posits,
1104 3459 1181 3521 qnae

180 3539 236 3586 non
251 3526 381 3604 aspicere
398 3530 513 3610 ricem,
535 3529 589 3591 sed
602 3538 720 3607 tangere
734 3528 859 3588 videtur:
880 3529 907 3587 in
922 3527 1014 3589 media
1028 3525 1182 3588 triclinium
