2604 3972
160 261 221 326 182
585 257 619 319 0.
641 255 740 319 PLINI

158 425 252 476 natum
270 422 300 474 ut
320 413 489 472 nominatum
509 409 664 471 defendunt
680 411 843 488 crimenque
860 410 940 488 quasi
955 409 983 468 in
1003 408 1098 468 medio
1119 427 1166 470 re-

118 505 150 560 14
158 499 257 560 lictum
273 495 440 558 defensione
456 496 622 574 suscipiunt.
647 493 728 567 Quae
745 503 895 572 praeterea
911 492 1032 553 dixerint
1048 503 1167 554 nonest

158 600 283 643 neccsse
306 597 434 647 narrare;
454 579 485 638 in
505 577 584 639 libris
605 577 703 639 habes.
737 577 804 638 Sum
823 577 897 637 enim
913 585 1015 637 cuncta
1036 577 1166 654 ipsorum

117 677 150 728 15
160 667 257 727 verbis
277 672 458 744 persecutus.
490 660 595 722 Dicunt
610 671 709 722 contra
721 660 840 721 Avidius
857 660 993 737 Quietus,
1020 655 1164 721 Cornutus

159 749 314 810 Tertullus.
334 746 465 823 Quietus,
481 746 685 824 iniquissimum
703 761 770 806 esse
787 743 931 823 querellas
946 743 1102 805 dolentium
1113 741 1188 805 eri-5

160 833 253 911 cludi,
282 831 407 908 ideoque
425 828 526 889 Arriae
544 839 573 889 et
594 828 717 889 Fanniae
736 829 781 889 ius
803 828 940 907 querendi
959 845 1016 888 non
1033 829 1166 890 auferen-

131 932 132 936 ’
160 917 240 992 dum,
262 933 317 975 nec
335 917 476 975 interesse
497 914 577 973 cuius
593 911 699 972 ordinis
718 914 781 990 quis
802 913 855 989 sit,
878 910 930 972 sed
947 930 1030 990 quam
1051 929 1167 973 causam

119 1008 150 1062 16
159 1000 271 1060 babeat.
296 995 448 1075 Cornutus,
462 995 555 1058 datum
568 1014 601 1056 se
614 1015 630 1056 a
645 995 810 1056 consulibus
825 1005 948 1057 tutorem
963 994 1076 1056 llelvirli
1091 994 1167 1057 liliae

159 1083 323 1162 petentibus
340 1091 427 1142 matre
444 1082 506 1142 eius
525 1089 554 1140 et
570 1081 688 1140 vitrico:
713 1097 788 1139 nunc
808 1097 923 1159 quoque
945 1098 1002 1140 non
1023 1083 1166 1141 sustinere

160 1167 296 1227 deserere
313 1165 400 1226 oilicii
417 1165 460 1225 sui
474 1173 587 1243 partes,
608 1165 637 1223 in
652 1180 709 1243 quo
724 1174 818 1224 tamen
833 1175 863 1226 et
875 1181 928 1224 suo
945 1163 1037 1224 dolori
1051 1165 1167 1224 modum
1174 1171 1207 1226 10

159 1251 297 1329 inponere
313 1258 342 1309 et
356 1250 522 1327 optimarum
536 1247 701 1308 leminarum
716 1248 847 1327 perferre
863 1247 1103 1309 modestissimum
1117 1247 1166 1310 ad-

124 1343 127 1348 ·
159 1332 280 1402 iectum;
309 1350 378 1411 quas
401 1341 547 1394 contentas
565 1349 632 1393 esse
646 1330 799 1393 admonere
816 1341 945 1392 senatum
958 1331 1068 1393 Publici
1086 1330 1167 1392 (lorti

160 1426 295 1477 cruentae
312 1415 478 1478 adulationis
495 1425 523 1476 et
538 1425 657 1495 petere,
683 1417 708 1476 si
722 1433 815 1496 poena
831 1416 929 1494 flagitii
945 1415 1167 1477 manifestissimi

119 1509 152 1564 17
161 1501 329 1577 remittatur,
345 1509 412 1560 nota
427 1509 506 1560 certe
520 1502 600 1579 quasi
613 1502 746 1563 censoria
758 1501 892 1560 inuratur.
914 1498 984 1558 'lum
992 1499 1099 1560 Satrius
1107 1499 1166 1560 Ru·

160 1583 206 1643 lus
220 1583 314 1644 medio
329 1583 518 1661 ambiguoque
537 1601 669 1644 sannone
684 1589 780 1662 ‘puto'
795 1585 892 1663 inquid
908 1585 1046 1645 ‘iniuriam
1062 1583 1207 1650 laetania

160 1665 289 1732 Publicio
302 1664 400 1744 Certo,
417 1669 510 1727 sinon
527 1667 699 1729 absolvitur:
719 1669 878 1729 nominatus
892 1677 938 1730 est
952 1667 988 1728 ab
1002 1669 1100 1729 amicis
1112 1667 1167 1728 Ar·

159 1752 219 1811 riae
231 1750 399 1828 etFanniae,
412 1753 569 1812 nominatus
581 1751 617 1812 ab
631 1752 728 1812 amicis
741 1753 810 1813 suis.
823 1751 887 1813 Nec
899 1751 1037 1813 debemus
1049 1751 1166 1813 solliciti

161 1851 242 1904 esse;
257 1833 332 1894 idem
344 1837 418 1894 enim
432 1852 496 1912 nos,
515 1837 563 1914 qui
579 1835 653 1896 bene
667 1837 804 1897 sentimus
822 1835 858 1897 (le
872 1835 996 1913 bomine,
1015 1843 1045 1895 et
1060 1836 1166 1897 iudica·

160 1919 214 1977 turi
231 1935 343 1978 sumus:
358 1920 382 1978 si
395 1920 532 1980 innocens
547 1928 604 1997 est,
620 1921 694 1980 sicut
712 1937 799 1998 spero
816 1929 845 1980 et
860 1919 946 2000 malo,
963 1929 992 1981 et
1010 1919 1102 1982 donec
1117 1920 1166 1981 ali·

85 2059 89 2062 .
118 2002 152 2056 18
162 2001 229 2080 quid
244 2002 392 2082 probetur,
409 2001 508 2081 credo,
525 2005 656 2080 poteritis
669 2003 844 2065 absolvere?
863 2002 943 2064 llaec
953 2003 1006 2082 illi,
1020 2020 1077 2083 quo
1090 2006 1206 2084 quis-ao

161 2103 217 2162 que
233 2085 332 2146 ordine
350 2086 513 2149 nitebantur.
544 2085 663 2148 Venitur
678 2087 714 2148 ad
728 2105 790 2149 me:
815 2104 975 2167 consurgo,
1001 2096 1066 2146 ntor
1085 2089 1165 2148 initio
1280 2087 1281 2102 ¹

162 2169 238 2247 quod
252 2172 280 2230 in
290 2169 364 2229 libro
377 2180 439 2248 est,
461 2171 626 2248 respondeo
641 2171 770 2249 siugulis.
803 2170 903 2231 blirum
918 2189 974 2250 qua
995 2173 1165 2251 intentione,

161 2253 264 2330 quibus
285 2253 454 2314 clamoribus
477 2257 568 2314 omnia
594 2257 761 2334 exceperint
784 2257 831 2334 qui
854 2254 939 2315 modo
963 2255 1165 2317 reclamabant.

160 2333 248 2396 Tanta
267 2339 418 2397 conversio
439 2336 487 2398 vel
502 2339 611 2414 negotii
632 2337 796 2416 dignitatem
815 2337 864 2399 uel
879 2348 1048 2417 proventum
1063 2340 1166 2400 oratio·

118 2421 151 2476 19
160 2418 204 2478 nis
219 2417 268 2477 vel
286 2420 393 2479 actoris
413 2421 597 2481 constantiam
617 2420 772 2481 subsecuta
794 2430 848 2481 est.
880 2421 975 2484 Vinio:
996 2424 1097 2502 incipit
1119 2432 1205 2484 reto

159 2501 304 2580 spondere
315 2500 452 2563 Veiento:
467 2521 552 2564 nemo
563 2504 680 2583 patitur:
697 2503 872 2584 obturbatur,
889 2507 1075 2586 obstrepitur,
1091 2506 1164 2568 adeo

160 2585 274 2664 quidem
286 2595 320 2657 ¹ut
332 2585 443 2649 diceret
458 2591 558 2667 mogo,
576 2597 673 2668 patres
690 2590 861 2669 conscripti,
882 2609 919 2651 ne
935 2609 980 2650 me
996 2593 1108 2669 cogatis
1123 2592 1164 2651 in·

160 2669 274 2748 plorare
289 2671 421 2732 auxilium
435 2673 633 2734 tribunomm.'
652 2671 691 2734 m
702 2675 795 2734 statim
811 2671 928 2735 blurena
942 2675 1071 2735 tribunus
1085 2679 1163 2754 ‘per-

158 2757 238 2816 mitto
253 2756 314 2834 tibi,
330 2757 374 2815 vir
389 2756 544 2818 clarissime
558 2756 690 2833 Veiento,
707 2756 827 2818 dicere!
849 2757 928 2819 'lunc
943 2775 1058 2838 quoqne
1071 2758 1164 2820 recla-

116 2848 255 2902 tomatur.
282 2838 360 2900 Inter
373 2859 466 2901 moras
478 2841 579 2901 consul
599 2841 691 2901 citatis
704 2841 861 2901 nominibus
878 2851 907 2902 et
924 2851 1041 2921 pemcta
1056 2842 1204 2904 discos-30

158 2926 240 2982 sione
255 2924 337 2982 mittit
358 2932 539 2984 senatumne
560 2941 651 3001 paene
673 2923 764 2984 adhue
786 2934 905 2986 stantem
918 2935 1163 3005 temptantemque

158 3003 255 3066 (licere
269 3003 458 3065 Veientonem
470 3005 593 3085 reliquit.
626 3004 744 3068 blultum
765 3007 816 3070 ille
834 3008 870 3070 de
885 3008 940 3070 bac
956 3011 1010 3090 (ita
1024 3010 1162 3088 uocabat)

159 3087 329 3150 contumelia
344 3097 462 3166 questus
476 3099 521 3150 est
533 3089 686 3151 Homerico
700 3110 786 3152 versu

263 3157 291 3232 oi
302 3168 412 3252 γέρον,
427 3159 450 3252 ἦ
461 3167 549 3252 μάλα
560 3168 601 3254 δή
613 3187 651 3235 σε
662 3173 732 3236 νέοι
747 3173 894 3255 τείρουσι
907 3175 1056 3256 μαχηταί.

115 3265 148 3316 21
157 3254 222 3314 Non
235 3254 298 3316 lere
310 3257 457 3337 quisquam
472 3259 500 3317 ln
518 3267 616 3319 senatu
631 3259 683 3320 luit
705 3260 752 3338 qui
774 3276 830 3320 non
846 3277 892 3319 me
908 3259 1203 3340 complecteretur&

158 3339 375 3400 exoscularetur
395 3342 579 3421 certatimque
594 3342 678 3403 laude
694 3343 864 3420 cumularet,
883 3343 959 3423 quod
972 3347 1163 3406 intermissum

158 3423 274 3484 iamdiu
290 3439 399 3484 morem
418 3426 446 3485 in
467 3425 611 3504 publicum
628 3425 796 3488 consulendi
816 3429 960 3507 susceptis
977 3430 1100 3507 propriis
1122 3428 1161 3490 si·

158 3506 320 3570 multatibus
337 3507 531 3588 reduxissem,
552 3509 627 3589 qnod
643 3510 765 3590 (lenique
781 3521 910 3572 senatum
925 3511 1027 3572 invidia
1041 3510 1161 3573 liberas·
