2604 3972
322 357 326 363 ,
407 271 669 334 unsuumnuu
683 273 760 335 vuu.
783 284 846 340 ee.
1078 273 1140 338 157

140 424 243 484 bonum
258 433 314 484 tam
328 423 374 486 diu
387 427 492 486 tenuit:
512 424 565 486 sed
578 425 645 486 hinc
659 428 749 504 magis
770 427 956 487 exacerbatur
975 426 1051 507 qnod
1074 428 1140 488 ami·

140 509 186 569 sit.
208 505 279 568 llam
292 507 419 570 fruendis
428 508 621 587 voluptatibus
636 513 742 570 crescit
757 508 870 571 carendi
884 509 975 570 dolor.
996 509 1056 571 liro
1067 516 1165 588 ergon

138 607 299 670 suspensus
314 609 366 671 pro
381 590 493 652 homine
509 593 696 670 amicissimo,
718 592 783 654 dum
795 592 944 654 admittere
957 604 1140 655 avocamenta

141 681 171 734 et
185 675 348 738 cicatricem
361 677 420 754 pati
433 677 542 755 possit,
563 693 646 754 quam
664 676 735 737 nihil
750 695 842 756 aeque
856 695 891 738 ac
907 679 1066 739 necessitas
1078 678 1140 757 ipsa

115 766 170 825 eet
186 757 248 819 dies
263 757 349 838 longa
363 768 393 820 et
407 761 522 820 satietas
537 758 644 819 doloris
658 759 774 822 inducit.
803 759 885 820 Vale.

389 988 431 1058 c.
449 989 575 1042 nnrmus
591 891 747 1042 afferro
767 988 827 1042 suo
849 989 876 1045 a.

203 1089 382 1170 Cognovisse
396 1095 450 1154 iam
464 1113 501 1156 ex
515 1095 637 1175 epistula
650 1113 713 1156 mea
726 1093 817 1156 debes
829 1093 982 1156 adnotasse
993 1113 1038 1155 me
1049 1105 1164 1175 nuperl

99 1194 134 1246 10
142 1185 350 1236 monumentum
369 1176 500 1239 Pallantis
523 1179 576 1241 suh
595 1178 649 1239 hac
666 1180 852 1258 inscriptione
873 1177 950 1238 ‘lunio
971 1188 1085 1240 senatus
1101 1179 1139 1238 oh

142 1259 227 1320 iidem
248 1261 439 1340 pietatemque
462 1278 532 1340 erga
553 1271 688 1341 patronos
707 1270 868 1322 ornamenta
882 1263 1023 1340 praetoria
1037 1260 1138 1323 decre-

140 1345 181 1403 vit
198 1351 228 1403 et
241 1345 403 1404 sestertium
417 1348 526 1406 centies
541 1346 745 1425 quinquagies,
768 1347 848 1406 cuius
863 1344 972 1405 luonore
987 1353 1138 1405 contentus

140 1425 216 1486 init!
247 1424 351 1488 Postea
371 1426 438 1488 mihi
457 1430 550 1489 visum
572 1438 618 1490 est
637 1429 761 1508 pretinm
783 1445 891 1508 operae
910 1429 1004 1506 ipsum
1024 1436 1164 1489 senatusn

136 1507 302 1572 consultum
325 1527 473 1589 quaerere·
500 1510 598 1572 inueni
618 1522 674 1573 tam
694 1513 843 1593 copiosum
860 1521 890 1572 et
905 1511 1026 1573 effusum
1045 1521 1076 1572 ut
1090 1511 1139 1572 ille

98 1609 132 1660 15
141 1592 361 1672 superbissimus
373 1593 469 1656 titulus
485 1595 613 1656 modicus
629 1595 722 1675 adque
734 1596 818 1657 etiarn
829 1595 970 1657 demissus
981 1595 1139 1656 rideretur:

141 1675 344 1755 conterantque
360 1696 410 1756 se,
425 1696 482 1739 non
498 1679 562 1740 dico
578 1679 619 1739 illi
631 1689 766 1757 veteres,
781 1678 922 1756 Africani,
936 1677 1065 1756 Achaei,
1081 1677 1139 1737 llu-

139 1761 264 1838 mantini,
277 1760 329 1821 sed
341 1760 370 1821 lui
381 1764 517 1840 proximi,
532 1762 628 1840 Marii,
644 1761 752 1840 Sullae,
768 1762 907 1841 Pompeii,
921 1759 989 1822 nolo
1003 1760 1139 1841 progredi

139 1843 268 1921 longius;
287 1843 358 1904 inira
368 1844 500 1906 Pallantis
514 1845 613 1907 landes
627 1847 770 1907 iacebunt.
798 1845 927 1923 Urbanos
942 1846 990 1922 qui
1004 1843 1054 1904 llla
1070 1849 1166 1905 oen-3

140 1936 257 1988 suerunt
274 1937 370 2005 putem
383 1946 417 1988 an
434 1927 576 1991 miseros?
596 1928 732 1991 Dicerem
746 1930 886 2004 urbanos,
909 1930 934 1990 si
945 1937 1073 1990 senatum
1089 1928 1139 1988 de·

97 2020 222 2075 noceret
243 2010 397 2080 urbanitas;
418 2013 555 2090 miseros,
578 2011 630 2073 sed
646 2029 729 2073 nemo
749 2021 806 2072 tam
820 2013 967 2072 miserest
980 2021 1010 2070 ut
1026 2011 1075 2070 illa
1091 2028 1139 2070 oo-

139 2103 231 2172 gatur.
262 2093 385 2154 Ambitio
406 2112 477 2173 ergo
492 2105 523 2156 et
536 2093 713 2174 procedendi
726 2093 830 2155 libido:
851 2092 904 2155 sed
920 2095 982 2173 quis
999 2093 1071 2153 adeo
1089 2092 1138 2154 de·

138 2195 221 2238 mens
236 2187 266 2236 ut
281 2195 334 2256 per
355 2195 452 2256 sunm,
473 2194 527 2257 per
545 2177 690 2258 publicum
711 2177 838 2238 dedecus
849 2177 1009 2255 procedere
1026 2175 1097 2236 velit
1110 2179 1139 2236 in

140 2277 175 2321 ea
195 2262 308 2321 civitate
335 2263 435 2340 inqua
454 2261 501 2321 hic
521 2271 601 2323 esset
623 2279 691 2323 usus
712 2261 928 2322 florentissimae
945 2259 1088 2337 dignitatis
1109 2269 1140 2318 ut

139 2345 247 2423 primus
267 2345 295 2403 in
316 2354 415 2405 senatu
434 2344 549 2405 laudare
569 2343 723 2406 Pallantem
741 2341 864 2424 posset?
884 2343 965 2404 mitto
987 2343 1065 2423 quod
1079 2342 1166 2408 Pal-4

99 2427 207 2490 natanti
224 2445 308 2487 servo
323 2430 464 2505 praetoria
478 2437 639 2489 ornamenta
659 2429 829 2498 oliernntur;
855 2428 962 2507 quippe
982 2427 1140 2488 olieruntur

138 2513 280 2571 aservis:
300 2513 379 2571 mitto
401 2511 478 2590 qnod
499 2521 618 2573 censent
637 2529 694 2573 non
713 2511 917 2573 exhortandum
936 2511 1020 2572 modo
1040 2527 1139 2571 verum

140 2595 224 2655 etiarn
241 2593 468 2673 compellendum
488 2594 522 2655 ad
542 2612 623 2657 usum
642 2613 791 2656 aureorum
804 2593 965 2663 anulorum;
988 2596 1139 2655 eratenim

140 2686 240 2737 contm
254 2678 429 2738 maiestatem
444 2687 574 2757 senatus,
591 2679 615 2738 si
629 2677 731 2739 ferreis
744 2678 903 2757 praetorius
919 2685 1055 2738 uteretur.
1084 2675 1163 2740 [10¹5

138 2761 184 2820 ria
198 2760 270 2819 haec
288 2768 317 2820 et
329 2760 512 2830 transeunda3
532 2760 580 2821 illa
596 2760 790 2838 memoranda,
814 2759 890 2838 qnod
905 2761 1017 2820 nomine
1029 2758 1137 2820 Pallan-

97 2845 177 2912 3otis
193 2851 320 2921 senatus,
336 2862 390 2904 neo
406 2847 518 2923 expiata
532 2853 633 2922 postea
652 2846 728 2905 curia
743 2852 799 2921 est,
815 2841 947 2904 Pallantis
962 2843 1075 2902 nomine
1091 2860 1137 2902 se-

138 2935 221 2987 natus
241 2929 345 3002 gratias
366 2929 422 3005 agit
443 2925 558 2988 Caesari
584 2927 660 3007 quod
681 2936 710 2988 et
731 2929 794 3006 ipse
815 2943 878 2986 cum
901 2942 1008 2986 summo
1028 2924 1137 2986 honore

137 3010 309 3070 mentionem
325 3013 387 3070 eius
400 3020 571 3089 prosecutus
587 3021 667 3072 esset
677 3020 707 3072 et
719 3011 828 3071 senatui
841 3009 1004 3070 facultatem
1017 3009 1138 3070 iecisset

138 3093 262 3154 testandi
276 3111 346 3170 erga
360 3110 425 3154 eum
437 3093 666 3155 beniuolentiam.
689 3092 763 3167 Quid
779 3094 853 3153 enim
867 3095 977 3153 senatui
990 3091 1164 3171 pulchrins6

140 3193 223 3255 quam
243 3185 274 3235 nt
294 3194 364 3254 erga
385 3175 538 3238 Pallantem
558 3179 626 3238 satis
648 3186 745 3256 gratus
765 3172 929 3237 rideretur?
954 3173 1074 3236 Additur
1095 3180 1138 3234 ‘ut

98 3259 246 3336 atialus,
266 3262 311 3318 cui
335 3279 369 3320 se
386 3277 484 3320 omnes
498 3278 550 3339 pro
567 3260 641 3321 virili
655 3269 736 3340 parte
757 3259 900 3336 obligatos
919 3258 1059 3335 latentur,
1081 3259 1137 3318 sin·

140 3343 248 3420 gnlaris
269 3342 351 3421 odet,
374 3343 524 3421 singularis
545 3344 697 3406 industriae
713 3344 835 3404 iructum
849 3343 1029 3403 meritissimo
1041 3341 1136 3402 ierat'

139 3424 269 3488 Prolatos
284 3427 393 3506 imperii
409 3427 497 3505 lines,
519 3427 645 3489 redditos
666 3428 808 3488 exercitae
824 3428 867 3486 rei
881 3425 1013 3504 publicae
1026 3425 1136 3486 credas.

139 3509 302 3570 Adstrnitur
311 3510 355 3570 his
370 3515 446 3571 ‘cum
457 3513 566 3572 senatui
575 3511 740 3592 populoque
749 3510 875 3571 Romano
886 3507 1062 3570 liberalitatis
1073 3513 1161 3585 gra-l

1289 3479 1291 3574 l
