2604 3972
617 269 649 333 0.
669 269 766 333 PblNl

460 524 489 576 G.
505 420 794 576 PLINIUSffiUTO
813 519 873 572 sito
892 518 919 572 S.

162 651 179 704 1
252 640 386 704 claudius
399 638 479 700 Polio
495 642 579 700 amari
592 659 608 700 a
621 649 651 700 te
663 643 752 719 cupit,
768 639 869 716 dignus
883 637 941 698 boc
957 638 1033 716 ipso,
1050 635 1127 715 quod
1142 656 1197 699 cu·

188 727 247 805 pit,
269 723 388 801 deinde,
404 722 480 802 quod
500 725 565 801 ipse
586 733 616 784 te
635 722 735 802 diligit.
763 721 866 800 Neque
882 721 954 781 enim
969 720 1032 781 iere
1044 722 1196 800 quisquam

189 811 278 886 exigit
292 807 379 884 istud,
394 808 448 866 nisi
463 808 510 884 qui
524 807 602 868 iacit.
628 806 680 867 Vir
690 806 796 884 alioqui
810 814 919 880 rectus,
935 804 1059 881 integer,
1077 805 1220 882 quietus5

187 908 222 952 ac
237 909 329 971 paene
343 889 416 950 ultra
427 889 555 966 modum,
579 892 604 952 si
619 891 681 970 quis
700 900 793 951 tamen
807 887 880 948 ultra
894 885 1022 963 modum,
1050 903 1194 947 verecun-

161 974 249 1036 adus.
270 973 362 1052 Hunc,
379 991 442 1034 cum
455 972 536 1034 simul
551 971 745 1050 militaremus,
759 989 816 1032 non
830 970 922 1032 solum
935 979 965 1030 ut
983 969 1137 1030 commilito
1148 972 1192 1030 in·

187 1060 278 1138 speri.
301 1056 434 1118 Praeerat
448 1056 510 1118 alae
525 1055 652 1118 militari:
669 1074 725 1135 ego
739 1057 835 1117 iussus
848 1073 865 1116 a
877 1051 975 1130 legato
991 1051 1132 1114 consulari
1146 1071 1193 1114 ra·

187 1144 280 1202 tiones
296 1141 401 1202 alarum
419 1149 448 1200 et
469 1141 627 1202 cohortium
644 1149 798 1218 excutere,
822 1145 854 1197 ut
872 1154 999 1214 magnam
1014 1136 1191 1216 quorundam

187 1224 356 1305 foedamque
377 1225 535 1303 avaritiam,
551 1222 763 1302 neglegentiam
778 1239 892 1302 parem,
907 1223 945 1280 ita
958 1219 1041 1282 buius
1052 1237 1190 1281 summam
1200 1229 1233 1280 lo

160 1309 393 1387 sintegritatem,
415 1306 566 1368 sollicitam
586 1306 760 1386 diligentiam
780 1306 883 1367 inveni.
916 1302 1021 1365 Postea
1040 1312 1190 1382 promotus

185 1391 220 1452 ad
240 1392 427 1471 amplissimas
443 1393 678 1470 procurationes,
704 1389 782 1451 nulla
802 1389 956 1450 occasione
978 1397 1129 1466 corruptus
1151 1387 1189 1446 ab

184 1476 268 1535 insito
283 1475 470 1536 abstinentiae
484 1491 579 1534 amore
594 1474 725 1536 deflexit:
740 1489 888 1552 numquam
900 1470 1034 1532 secundis
1048 1471 1135 1532 rebus
1146 1471 1189 1528 in·

184 1560 300 1635 tumuit,
321 1573 470 1637 numquam
488 1557 646 1618 officiorum
663 1560 801 1618 annotate
824 1556 983 1616 continuam
1003 1553 1115 1614 laudem
1135 1553 1188 1612 bu·

184 1641 322 1701 munitatis
332 1640 463 1718 infregit,
485 1641 640 1720 eademque
658 1641 786 1702 inuitato
801 1639 883 1700 animi
898 1637 1042 1700 laboribus
1059 1637 1185 1714 suffecit,
1197 1643 1231 1694 15

159 1732 241 1802 aqua
254 1741 329 1783 nunc
350 1725 437 1783 otium
456 1725 568 1801 patitur.
602 1722 687 1796 Quod
706 1723 818 1803 quidem
840 1721 986 1803 paulisper
1007 1739 1070 1780 cum
1086 1738 1187 1798 magna

184 1825 235 1869 sua
249 1805 332 1868 laude
348 1808 496 1868 intermisit
511 1815 540 1868 et
554 1809 661 1887 posuit,
675 1825 692 1868 a
708 1805 835 1868 Corellio
850 1815 948 1866 nostro
966 1823 1005 1866 ex
1015 1803 1187 1866 liberalitate

183 1891 362 1968 impomtoris
383 1889 496 1950 Nervae
518 1891 645 1952 emendis
667 1890 883 1968 dividendisque
903 1890 980 1966 agris
1004 1889 1115 1948 adiutor
1137 1888 1187 1948 ad·

183 1982 321 2052 sumptus.
354 1972 466 2034 Etenim
481 1990 535 2052 qua
549 1973 641 2052 gloria
657 1971 771 2052 dignum
791 1983 836 2035 est
856 1988 964 2032 summo
984 1973 1046 2033 viro
1067 1974 1095 2031 in
1108 1980 1186 2033 tanta

155 2056 305 2134 seligendi
325 2057 460 2118 facultate
477 2059 633 2137 praecipue
653 2055 818 2137 placuisse?
844 2053 923 2117 loen
945 2073 1027 2133 quarn
1047 2057 1230 2115 reveren-20

182 2149 237 2218 ter,
256 2158 336 2219 quam
353 2140 474 2203 fideliter
487 2142 594 2204 amicos
609 2141 684 2202 colat
699 2141 848 2201 multorum
864 2139 1005 2218 supremis
1017 2137 1140 2216 iudiciis,
1156 2141 1186 2198 in

180 2223 225 2284 bis
239 2222 312 2284 Anni
333 2225 432 2302 bassi,
453 2227 612 2302 gravissimi
628 2225 717 2303 ciuis,
733 2224 853 2285 credere
870 2233 966 2301 potes,
983 2224 1062 2283 cuius
1078 2240 1185 2282 memo-

181 2309 249 2365 riam
264 2317 320 2368 tam
330 2317 410 2384 grata
428 2307 638 2387 praedicatione
652 2317 788 2387 prorogat
803 2317 832 2368 et
847 2306 972 2368 extendit
987 2312 1017 2365 ut
1029 2304 1132 2366 librum
1147 2305 1183 2366 de

180 2390 237 2448 vita
251 2392 313 2454 eius
330 2391 406 2466 (narn
420 2389 511 2451 studia
526 2407 641 2469 quoque
655 2393 729 2453 sicut
743 2390 811 2452 alias
827 2391 916 2452 bonas
926 2397 1002 2450 artes
1014 2389 1183 2468 veneratur)

155 2471 309 2534 cediderit.
330 2469 481 2532 l’ulcbrum
495 2473 571 2532 istud
587 2482 616 2533 et
631 2475 744 2534 raritate
755 2475 818 2552 ipsa
832 2471 1024 2553 probandum,
1041 2490 1103 2533 eum
1119 2470 1227 2551 ple-25

155 2556 260 2633 inique
281 2554 418 2616 hactenus
438 2554 636 2617 defunctorum
654 2559 830 2617 meminerint
852 2567 882 2618 ut
908 2565 1068 2634 querantur.
1100 2555 1183 2617 lluno

179 2637 339 2718 bominem,
358 2637 620 2722 adpetentissimum
633 2641 690 2718 tui,
705 2640 772 2700 mibi
787 2638 891 2718 erede,
907 2639 1113 2718 complectere,
1134 2639 1183 2700 atl-

178 2721 336 2802 prebende,
352 2724 435 2783 immo
451 2732 480 2784 et
493 2725 578 2786 invita
593 2742 627 2786 ac
638 2726 681 2786 sio
695 2743 766 2802 ama,
780 2733 919 2802 tamquam
932 2723 1047 2800 gratiam
1061 2723 1181 2783 reieras.

177 2804 280 2884 Neque
293 2808 367 2868 euim
381 2806 549 2886 obligandus
563 2809 617 2869 sed
630 2807 850 2869 remunerandus
866 2815 911 2868 est
925 2809 953 2866 in
968 2807 1070 2867 amoris
1083 2805 1180 2866 cilicio

178 2891 225 2967 qui
241 2891 318 2968 prior
335 2893 440 2970 coepit.
472 2889 554 2951 Vale.
1187 2895 1224 2949 bo

711 3035 734 3098 1.

358 3135 384 3190 O.
404 3135 527 3188 PLINIUS
544 3035 877 3190 FfflfflROSOGERO
895 3137 956 3193 SUO
973 3137 1000 3190 S.

153 3261 166 3314 l
238 3253 379 3315 Delector
393 3253 543 3314 iucundmn
556 3255 607 3315 tibi
619 3255 710 3318 fuisse
727 3254 837 3334 Tironis
854 3257 910 3317 mei
921 3254 1086 3318 adrentum:
1101 3256 1179 3336 quotl

178 3352 249 3396 vero
269 3337 373 3399 scribis
395 3337 489 3398 ablata
508 3340 660 3400 occasione
684 3339 864 3417 proconsulis
878 3339 1014 3420 plurimos
1028 3343 1221 3407 nunonis-ss

178 3437 245 3498 sos,
266 3423 350 3482 unice
370 3419 470 3482 laetor.
505 3419 597 3501 Cupio
613 3424 687 3482 enim
699 3426 817 3502 patriam
832 3434 956 3486 nostram
970 3426 1099 3488 omnibus
1116 3426 1179 3502 qui·

177 3503 241 3565 dem
261 3505 349 3567 rebus
371 3506 486 3585 augeri,
513 3507 633 3568 maxime
656 3515 750 3567 tamen
775 3509 878 3568 civium
898 3525 1030 3570 numero:
1055 3508 1084 3570 iu
1103 3510 1179 3568 enim
