2604 3972
362 252 625 315 uersuumauu
647 253 736 315 vnn.
759 265 803 321 nr.
818 265 916 322 nane
1086 258 1145 321 191

141 409 202 469 sins
217 409 245 470 iu
260 406 344 468 alium
358 408 433 469 diem
446 416 652 469 reservaverat.
680 406 761 468 Idcco
775 410 857 469 amici
873 409 1019 473 cuiusdam
1033 420 1173 478 omntesn

140 491 385 572 obsecrantesque
399 510 435 553 ne
450 491 560 571 reliqua
574 493 718 554 recitaret.
746 490 850 554 Tantus
870 494 1001 555 audiendi
1016 514 1089 574 quae
1104 496 1146 556 le-

140 578 233 637 ecriut
250 576 342 656 pudor
352 577 456 657 quibus
468 575 562 636 nullus
575 575 699 637 faciendi
710 594 783 655 quae
795 576 893 639 audire
905 579 1090 641 erubeseunt.
1108 581 1146 641 Et

138 659 189 721 ille
205 660 320 739 quidem
335 662 474 741 praestitit
490 659 566 740 quod
580 660 749 738 rogabatur:
765 661 876 722 sinebat
892 661 973 723 fides.
1003 663 1088 725 Liber
1106 674 1146 725 ts·

112 762 204 816 5men
218 753 249 804 ut
264 745 370 807 factum
384 748 477 825 ipsum
491 754 596 822 manet,
611 745 734 806 manebit
744 745 916 826 legeturque
928 764 1053 826 sempor,
1069 757 1147 810 tanto

138 831 247 972 magiq,
272 831 337 909 quia
350 846 409 974 quiqu
429 831 532 973 staqqqr.
555 827 721 973 {Isim
742 832 816 892 enim
833 830 962 892 homines
982 832 1018 893 ad
1039 849 1147 912 cogno·

139 931 210 974 scen
230 931 335 993 aquae
400 931 468 974 erun
516 955 523 972 .
610 931 636 972 e.

573 1047 706 1108 XXVIII.

98 1174 130 1226 ω
420 1145 448 1200 c.
465 1146 590 1198 surmus
607 1145 743 1197 consuo
760 1146 821 1198 suo
840 1147 867 1197 s,

202 1248 270 1310 Post
286 1249 402 1328 longum
416 1260 529 1330 tempus
542 1250 679 1330 epistulas
694 1260 767 1328 tuas,
784 1249 837 1312 sed
848 1258 906 1311 tres
918 1252 1025 1330 pariter
1034 1252 1145 1330 recepi,

138 1350 236 1394 omnes
253 1332 481 1412 elegantissimas
496 1337 709 1413 amantissimas,
727 1334 864 1413 etquales
875 1336 1048 1412 aterenira,
1064 1352 1146 1414 prae·

138 1419 235 1479 sertim
248 1416 434 1497 desideratas,
449 1419 616 1496 oportebat:
633 1436 750 1498 quarum
765 1437 818 1479 una
831 1419 954 1496 iniungis
967 1418 1034 1478 mihi
1047 1419 1145 1478 incuu-

137 1501 281 1562 dissimum
295 1503 480 1563 ministerium
493 1512 526 1564 ut
548 1502 583 1562 ad
598 1501 754 1580 Plotinam,
776 1505 981 1564 sanctissimam
1001 1501 1144 1580 feminam,

94 1583 248 1651 rslitterae
263 1595 329 1646 tuae
345 1586 539 1666 perferantur:
556 1586 745 1666 perferentur.
769 1584 878 1648 Eadem
893 1587 1075 1647 commendas
1091 1586 1172 1652 run

136 1668 233 1749 pilium
240 1670 437 1731 Artemisium:
452 1674 546 1732 statIm
556 1672 685 1750 praestiti
700 1671 777 1751 quod
789 1672 915 1751 potebat.
939 1669 1051 1732 Iudicas
1062 1673 1144 1731 etiam

133 1754 261 1815 modicas
276 1763 306 1815 te
324 1754 481 1818 vindemias
504 1755 676 1835 collegisse:
700 1757 856 1816 eommunis
870 1756 943 1815 lraec
958 1755 1145 1836 militorum,

135 1855 302 1918 quamquam
317 1839 345 1897 ln
361 1837 555 1900 diversissima
570 1849 651 1920 parte
668 1849 817 1919 terrarum,
833 1837 962 1920 querella
973 1848 1028 1900 est.
1048 1838 1172 1905 Alteras

135 1921 258 2001 epistula
276 1923 387 1984 nuntias
408 1923 494 1985 multa
515 1933 545 1984 te
567 1941 641 1984 nuuc
663 1923 771 1985 dictare
795 1941 870 1984 nunc
891 1923 1020 1984 scribere
1043 1924 1145 2002 quibus

90 2021 188 2077 nonos
203 2006 253 2067 tibi
267 2017 484 2087 repraesentes:
507 2009 612 2085 gratias
635 2024 706 2085 ag0;
733 2025 849 2085 agerem
868 2008 975 2084 magis,
998 2009 1023 2067 si
1036 2023 1082 2067 nre
1097 2007 1146 2069 illa

134 2091 198 2170 ipsa
213 2108 285 2170 quae
301 2092 404 2152 scribis
421 2099 469 2153 aut
490 2090 580 2151 dictus
596 2090 698 2169 legere
712 2091 865 2152 voluisses.
897 2089 935 2151 Et
949 2099 1011 2152 erat
1024 2109 1146 2170 aequum

132 2182 165 2234 ut
185 2183 215 2235 tc
235 2191 299 2236 mea
318 2177 357 2236 ita
378 2192 424 2236 me
446 2185 494 2236 tua
514 2175 621 2254 scripta
642 2191 841 2253 cognoscere,
869 2175 979 2235 etfamsi
1006 2174 1146 2237 adolium

134 2276 218 2338 quam
231 2259 268 2318 ad
280 2275 326 2319 me
340 2260 526 2338 pertinerent.
555 2257 706 2320 Polliceris
720 2260 749 2320 iu
763 2261 835 2335 iius,
854 2275 918 2318 cum
933 2260 1039 2320 certius
1051 2257 1088 2319 de
1103 2262 1172 2322 ri·4

132 2351 180 2404 tae
194 2351 310 2403 nostrae
324 2343 501 2404 ordinatione
523 2343 629 2424 aliquid
649 2342 789 2422 audiam,
812 2343 936 2404 futurum
951 2351 980 2404 tc
995 2342 1144 2422 fugitivum

89 2435 125 2488 25
134 2428 177 2486 rei
197 2425 340 2489 familiaris
359 2430 511 2508 statimque
526 2427 561 2488 ad
575 2445 629 2488 nos
643 2426 853 2505 advolaturum,
870 2429 919 2507 qui
933 2429 987 2488 iam
1000 2429 1052 2489 tihi
1068 2447 1145 2488 com·

133 2510 226 2588 pedes
241 2513 398 2589 nectimus,
421 2530 492 2593 quas
513 2511 695 2590 perfringere
717 2512 795 2573 nullo
810 2511 896 2573 modo
910 2514 1014 2591 possis.
1048 2511 1171 2574 'lentius

132 2594 257 2674 epistula
278 2595 443 2657 continebat
467 2613 534 2656 esse
555 2596 607 2656 tihi
627 2595 767 2656 redditam
790 2598 946 2659 orationem
969 2612 1022 2675 pro
1044 2594 1142 2656 Clario

133 2695 254 2758 eamque
275 2681 364 2741 visam
383 2680 545 2741 uberiorem
566 2697 648 2760 quam
664 2679 777 2741 dIcente
792 2698 855 2761 me,
877 2679 1009 2740 sudlente
1024 2689 1065 2756 te,
1079 2680 1144 2742 iue-

132 2764 178 2824 rit.
212 2760 266 2823 Est
287 2764 418 2826 uberior:
443 2763 531 2825 multa
551 2765 626 2824 euim
647 2772 749 2842 postea
764 2765 881 2825 inserui.
913 2763 1015 2825 Adicis
1030 2763 1099 2824 alias
1113 2773 1143 2824 te

88 2847 243 2911 tolittoras
259 2850 400 2911 curiosius
415 2850 537 2929 scriptas
558 2849 687 2910 misisse:
708 2867 743 2908 an
758 2849 921 2928 acceperim
937 2850 1066 2928 quaeris:
1086 2865 1144 2908 non

130 2933 234 3012 recepi
256 2941 285 2993 et
306 2934 440 3013 accipere
460 2936 566 3012 gestio.
600 2931 722 2994 Proinde
744 2935 833 3013 prima
854 2950 967 3013 quaque
989 2935 1143 2994 occasione

132 3019 230 3094 mitte,
257 3017 395 3097 adpositis
412 3017 526 3099 quidem
543 3019 654 3096 usuris,
682 3035 752 3096 quas
773 3034 830 3096 ego
849 3019 931 3098 (num
946 3020 1060 3098 parcius
1075 3034 1143 3098 pos·

132 3098 231 3180 sumi)
251 3104 424 3166 centesimas
439 3101 619 3182 computabo.
650 3100 734 3162 Vale.

562 3235 707 3298 XXVIIII.

408 3335 437 3391 G.
455 3334 584 3392 PLINIUS
602 3334 736 3388 RUSIIGO
754 3333 814 3386 SUO
834 3333 861 3385 S.

191 3437 231 3501 IJt
245 3441 333 3501 satius
347 3457 433 3501 unum
447 3439 553 3522 aliquid
568 3441 718 3520 insigniter
730 3440 828 3501 facero
844 3455 927 3519 quam
947 3437 1067 3517 plurima
1082 3449 1167 3504 mol

131 3523 279 3606 diocritar‚
290 3527 329 3588 ita
340 3523 461 3609 plurima
469 3525 663 3607 mediocriter,
680 3527 704 3587 si
713 3542 771 3587 uon
779 3525 874 3605 possis
885 3540 970 3585 uuum
982 3521 1088 3604 aliquid
1097 3521 1139 3581 in·
