2584 3972
588 208 623 271 n.
645 209 744 292 annu

388 394 423 476 c.
452 391 562 474 rum
590 391 748 474 ennom
775 389 950 474 suctum

286 553 317 668 t
359 557 390 666 P
434 555 452 664 Ι
495 555 519 666 d
564 553 594 666 l
635 554 671 669 ll
712 555 739 666 l
783 555 815 666 i
856 555 892 666 li
931 551 1048 668 llll

522 745 620 800 LIBER
643 744 813 812 QUARTUS.

343 1002 370 1053 e.
390 1002 515 1054 nunnius
530 905 864 1053 rncnuol‘unosocuno
883 1000 942 1052 suo
962 990 988 1052 s'.
1183 1007 1200 1060 5

139 1117 154 1168 1
228 1100 317 1181 cipis
333 1114 402 1184 post
416 1104 533 1184 longum
544 1114 657 1185 tempus
670 1113 786 1182 neptem
797 1113 871 1166 tuam
881 1121 985 1181 meque
997 1121 1050 1164 una
1061 1102 1173 1167 videre.

166 1185 279 1248 Gratum
293 1197 338 1248 est
359 1191 471 1269 utrique
491 1199 618 1250 nostrum
638 1187 715 1268 quod
736 1189 833 1266 cupis;
854 1196 949 1248 mutuo
969 1207 1015 1246 me
1035 1185 1175 1248 Hercule.

139 1270 236 1335 ullam
251 1273 374 1332 invicem
388 1291 440 1334 nos
457 1273 616 1334 incredibili
632 1271 754 1353 quodam
770 1270 911 1332 desiderio
927 1273 1016 1331 vestri
1031 1280 1173 1349 tenemur,

166 1355 244 1435 quod
263 1371 320 1416 non
340 1357 412 1418 ultra
435 1357 613 1428 differemus;
644 1367 729 1436 atque
745 1356 817 1415 adeo
833 1355 887 1416 iam
901 1354 1058 1416 sarcinulas
1073 1355 1173 1433 alliga·

141 1449 229 1503 3mus
243 1439 410 1518 festinaturi,
427 1451 558 1520 quantum
573 1443 681 1503 itineris
695 1443 767 1502 ratio
783 1440 952 1517 permiserit.
976 1438 1037 1500 Erit
1051 1457 1105 1500 una
1119 1437 1220 1514 sed10

166 1523 262 1584 breuis
277 1540 370 1584 mora:
393 1523 578 1585 deflectemus
593 1527 622 1584 in
637 1524 765 1601 Tuscos,
780 1541 838 1583 non
853 1532 883 1583 ut
896 1540 981 1601 agros
997 1541 1116 1602 remque
1129 1523 1172 1583 fa-

165 1606 302 1667 miliarem
317 1607 409 1668 oculis
431 1609 601 1670 subiciamus
625 1607 666 1688 (id
684 1610 758 1668 enim
773 1609 908 1687 postponi
922 1610 1050 1688 potest),
1074 1606 1127 1668 sed
1140 1616 1174 1667 ut

141 1691 316 1768 4fnngamur
329 1693 494 1752 necessario
510 1693 617 1753 officio.
653 1691 795 1773 Oppidum
810 1701 855 1752 est
870 1691 993 1771 praediis
1008 1693 1112 1753 nostris
1128 1693 1172 1750 vi·

167 1777 270 1852 cirrum,
286 1793 389 1836 nornen
406 1774 512 1836 Tiferni
526 1775 669 1854 Tiberim,
691 1775 767 1855 quod
782 1793 827 1836 me
842 1793 934 1855 paene
947 1775 1037 1837 adbuc
1052 1793 1173 1855 puemm

165 1867 313 1938 patronum
328 1863 482 1939 cooptavit,
498 1869 575 1922 tanto
590 1863 697 1921 maiore
714 1859 807 1920 studio
820 1869 922 1939 quanto
933 1863 1041 1920 minore
1052 1859 1168 1920 iudicio.
1181 1873 1218 1926 15

165 1940 313 2006 Adventus
333 1961 414 2006 meos
440 1944 583 2022 celebrat,
612 1943 839 2026 profectionibus
861 1943 987 2022 angitur,
1014 1943 1173 2006 bonoribus

142 2027 283 2106 tgaudet.
307 2027 339 2088 ln
352 2029 409 2089 hoo
424 2047 498 2108 ego,
520 2038 550 2089 nt
564 2025 703 2090 referrem
717 2029 835 2108 gratiam
850 2027 929 2107 (nam
941 2028 1017 2087 vinni
1032 2029 1061 2087 in
1075 2045 1173 2088 amore

153 2113 357 2191 turpissimum
375 2115 452 2193 est),
474 2114 608 2194 templum
624 2115 745 2194 pecunia
759 2130 823 2172 mea
838 2114 979 2187 exstruxi,
997 2114 1077 2172 cuius
1092 2111 1172 2174 dedi-

167 2199 322 2273 eationem,
348 2215 412 2256 num
433 2200 469 2257 sit
484 2209 628 2276 paratum,
650 2198 764 2258 differre
778 2196 891 2274 longius
906 2194 1100 2274 inreligiosum
1115 2205 1171 2256 est.

142 2278 279 2345 6Erimus
300 2295 371 2358 ergo
392 2279 431 2338 ibi
448 2278 633 2342 dedicationis
655 2279 717 2356 die,
739 2297 822 2358 quem
837 2278 923 2358 epulo
939 2279 1087 2341 celebrare
1102 2296 1217 2351 con-ao

167 2364 253 2422 stitui.
277 2362 469 2423 Subsistemus
484 2363 605 2425 fortasse
622 2371 651 2422 et
666 2365 816 2443 sequenti,
832 2362 884 2424 sed
899 2373 976 2426 tanto
991 2365 1171 2442 magistriam

144 2457 160 2512 t
167 2447 257 2525 ipsam
270 2447 465 2526 corripiemus.
489 2443 641 2524 Contingat
651 2445 735 2506 modo
746 2455 776 2505 te
788 2446 929 2526 filiamque
940 2458 1015 2510 tuam
1026 2448 1117 2508 fortes
1127 2450 1170 2508 in·

165 2529 279 2671 prepirei
300 2549 362 2592 narn
383 2531 529 2608 continget
548 2529 670 2608 hilares,
692 2532 716 2590 si
736 2547 789 2590 nos
809 2531 966 2595 incolumes
988 2533 1169 2612 receperitis.

192 2631 246 2674 ae.
845 2647 847 2650 ·

646 2746 682 2807 Π.
977 2731 989 2777 l
1177 2721 1214 2774 25

953 2780 978 2864 f

333 2807 344 2830 ⁹
379 2847 406 2898 e.
424 2847 549 2899 unimus
564 2823 660 2899 lunio
678 2847 838 2900 crunnum
854 2847 914 2900 suo
932 2849 958 2900 s.

141 2963 155 3014 1
227 2950 355 3028 Regulus
373 2950 459 3010 filium
474 2952 576 3029 amisit,
591 2950 647 3011 boc
659 2969 714 3013 uno
729 2952 802 3017 malo
818 2951 958 3032 indignus,
976 2952 1054 3032 quod
1068 2953 1169 3013 nescio

166 3053 201 3096 an
214 3034 315 3095 malum
330 3042 420 3114 putet.
452 3033 520 3095 Erat
541 3053 614 3115 puer
627 3037 701 3097 acris
716 3038 821 3114 ingenii
837 3036 889 3098 sed
904 3037 1043 3116 ambigui,
1066 3037 1114 3116 qui
1128 3043 1169 3098 ta·

141 3131 232 3182 nmen
247 3126 348 3197 posset
360 3127 439 3178 recta
459 3121 574 3196 sectari,
592 3121 616 3180 si
631 3129 740 3199 patrem
754 3137 810 3182 non
823 3120 954 3183 referret.
974 3119 1056 3182 llunc
1070 3119 1213 3199 Regu-30

166 3203 211 3263 lus
236 3203 437 3282 emancipavit,
459 3211 490 3262 ut
510 3203 596 3265 lieres
615 3206 709 3265 matris
730 3207 879 3275 existeret;
904 3208 1092 3284 mancipatum
1114 3205 1169 3284 (ita

165 3285 253 3365 vulgo
276 3304 312 3346 ex
333 3286 458 3347 moribus
478 3287 597 3348 hominis
618 3287 822 3367 loquebantur)
836 3288 921 3354 foeda
942 3297 971 3350 et
990 3289 1103 3350 insolita
1118 3306 1168 3367 pa·

165 3369 293 3429 rentibus
314 3368 505 3448 indulgentiae
527 3370 702 3432 simulatione
731 3373 869 3452 captabat.
903 3370 1088 3448 Incredibile,
1116 3372 1169 3432 sed

136 3452 307 3532 3Regulum
329 3454 433 3532 cogita.
464 3454 606 3516 Amissum
619 3464 711 3516 tamen
725 3455 806 3534 luget
818 3457 926 3516 insane.
953 3455 1082 3516 ilabebat
1096 3472 1169 3535 puer
