2584 3972
168 269 229 332 122
409 267 412 274 ⁴
593 267 627 330 G.
650 267 747 330 PLlNl

128 435 159 490 13
168 428 269 500 satque
283 437 316 480 se
332 420 409 502 quod
424 431 612 482 memoretur.
635 420 694 482 lam
708 421 789 499 cinis,
805 421 897 482 adhuc
909 430 1002 484 tamen
1017 441 1112 492 rarus:
1129 443 1177 486 re·

169 504 276 584 spicio:
303 504 391 566 densa
412 505 506 583 caligo
527 507 617 584 tergis
645 505 823 587 imminebat,
853 524 929 586 quae
953 524 1007 567 nos
1038 510 1175 570 torrentis

168 588 252 649 modo
272 588 364 651 inlusa
384 597 477 652 terrae
494 589 677 668 sequebatur.
712 589 927 650 ‘Dedectamns'
949 593 1080 670 inquam,
1095 590 1174 652 ‘dum

168 672 348 734 videmusne
369 674 398 733 in
411 675 456 734 via
472 675 550 733 strati
566 675 756 735 comitantium
770 673 850 734 turba
864 675 892 733 in
909 676 1037 736 tenebris
1053 684 1173 754 optera-

127 762 252 826 14mnr’.
274 755 331 817 Vix
345 755 572 835 consideramus,
589 767 618 817 et
630 776 699 835 nox,
713 774 769 817 non
781 756 872 837 qualis
885 757 988 819 inlunis
1002 769 1051 820 aut
1064 759 1199 838 nubila,5

169 841 221 903 sed
236 839 327 920 qualis
347 841 376 900 in
390 839 464 901 locis
486 841 590 903 clausis
611 839 716 902 lumine
737 844 874 903 extincto.
904 841 1028 903 Audires
1048 842 1173 904 ululatus

167 924 347 1002 feminarum,
362 923 497 986 inlautum
515 927 677 1005 quiritatus,
699 925 837 986 clamores
853 925 991 987 virorum:
1007 926 1053 988 alii
1070 946 1172 1008 paren·

167 1016 229 1086 tes,
250 1007 297 1068 alii
317 1007 442 1087 liberos,
466 1008 513 1069 alii
528 1011 667 1088 coniuges
682 1010 803 1070 vocibus
825 1010 1023 1089 requirebant,
1050 1011 1173 1073 vocibus

167 1092 360 1154 noscitabant:
385 1092 415 1153 hi
435 1111 515 1154 suum
531 1111 643 1171 casnm,
659 1093 701 1153 illi
716 1110 830 1155 suorum
849 1093 1068 1157 miserabantur:
1092 1105 1173 1156 erant

126 1177 216 1256 15qni
236 1184 313 1236 metu
333 1176 432 1237 mortis
453 1186 572 1240 mortem
593 1186 790 1255 precarentur:
824 1176 903 1238 multi
923 1178 959 1240 ad
981 1178 1052 1240 deos
1074 1193 1215 1248 mannslo

168 1259 288 1337 tollere,
305 1260 403 1340 plures
417 1279 555 1341 nusquam
568 1264 626 1322 iarn
639 1261 711 1322 deos
724 1260 819 1340 ullos,
835 1270 1036 1343 aeternamque
1051 1261 1129 1323 illam
1143 1272 1173 1324 et

167 1345 348 1405 novissimam
367 1353 481 1405 noctem
503 1345 607 1406 mundo
631 1346 895 1426 interpretabantur.
935 1345 999 1407 Nec
1020 1345 1172 1408 defuerunt

168 1428 215 1505 qui
231 1427 302 1488 lictis
319 1429 500 1508 mentitisque
515 1431 671 1492 terroribus
686 1448 755 1491 vera
768 1429 897 1508 pericula
913 1439 1059 1509 augerent.
1092 1430 1172 1492 Ade-

166 1519 230 1571 rant
245 1513 292 1589 qui
304 1509 405 1571 Miseni
419 1511 487 1572 illud
501 1513 611 1591 ruisse,
637 1513 706 1574 illud
722 1513 823 1573 ardere
844 1513 935 1592 falso,
956 1514 1008 1575 sed
1029 1514 1172 1576 credenti-

128 1604 158 1659 16
167 1595 219 1654 bus
238 1593 406 1654 nuntiabant.
438 1595 554 1656 Paulum
576 1596 694 1666 reluxit:
720 1597 796 1676 qnod
809 1613 867 1657 non
881 1597 942 1658 dies
956 1599 1040 1660 nobis
1056 1597 1214 1660 esdad-15

168 1762 303 1840 substitit,
319 1762 455 1822 tenebrae
469 1782 577 1842 rursus,
594 1765 664 1824 cinis
678 1783 776 1826 rursus
791 1764 893 1827 multus
910 1775 940 1827 et
953 1767 1058 1844 gravis.
1088 1766 1172 1826 llunc

167 1845 320 1906 identidem
347 1845 535 1925 adsurgentes
566 1849 796 1910 excutiebamns:
835 1849 929 1928 operti
954 1851 1060 1928 alioqui
1076 1850 1172 1929 adque

125 1930 251 1994 lletiam
271 1928 354 1990 oblisi
375 1930 503 2010 pondere
524 1950 664 1993 essemus.
696 1932 814 1995 Possem
834 1932 950 2011 gloriari
965 1951 1021 1995 non
1035 1933 1172 2012 gemitum

166 2013 250 2092 mibi,
272 2031 330 2074 non
343 2031 447 2075 vocem
463 2034 561 2094 parum
582 2016 686 2077 fortem
705 2018 732 2075 in
752 2018 837 2096 tantis
857 2018 993 2096 periculis
1013 2017 1215 2096 excidissent

166 2101 279 2159 nisime
295 2116 359 2158 cum
375 2100 520 2179 omnibns,
538 2102 630 2160 omnia
644 2117 756 2160 mecum
770 2100 866 2180 perire
881 2102 997 2179 misero,
1011 2119 1113 2179 magno
1128 2111 1171 2162 ta-

125 2190 159 2244 18
167 2200 231 2243 men
251 2182 427 2245 mortalitatis
449 2183 558 2245 solacio
580 2183 774 2245 credidissem.
806 2181 930 2245 Tandem
948 2183 997 2245 illa
1017 2185 1110 2264 caligo
1126 2194 1171 2246 te-

166 2274 248 2327 nuata
264 2266 344 2344 qnasi
366 2267 394 2325 in
414 2266 520 2326 furnum
538 2267 706 2328 nebulamve
728 2267 875 2328 discessit:
899 2285 966 2328 mox
986 2267 1047 2329 dies
1069 2287 1169 2345 serus,

168 2348 311 2409 solatiam
328 2348 450 2426 effulsit,
467 2351 573 2412 luridus
585 2360 692 2426 tamen,
711 2351 802 2430 qualis
818 2369 899 2429 esse,
913 2371 977 2413 cum
992 2351 1104 2430 delicit,
1122 2371 1171 2414 so·
1272 2415 1277 2432 ,

165 2430 216 2494 let.
241 2430 436 2492 Occursabant
448 2433 653 2511 trepidantibus
668 2433 760 2495 adbuc
775 2435 866 2495 oculis
880 2445 983 2497 mutata
995 2438 1087 2498 omnia
1096 2435 1170 2497 alto·
1179 2441 1215 2496 ῆι

123 2524 158 2578 19
168 2533 224 2594 que
240 2517 348 2594 cinere,
364 2525 502 2595 tamquam
515 2517 592 2597 nive,
609 2516 740 2578 obducta.
768 2517 907 2598 Regressi
921 2519 1071 2598 Misenum,
1088 2538 1170 2582 cura·

165 2600 202 2661 tis
217 2609 371 2678 utcumque
387 2601 555 2679 corporibus
569 2618 737 2681 suspensam
751 2601 920 2683 dubiamque
934 2613 1049 2665 noctem
1063 2621 1118 2682 spe
1133 2621 1171 2666 ac

166 2695 244 2746 metu
260 2684 419 2764 exegimus.
436 2683 530 2746 lictus
542 2685 738 2765 praevalebat:
753 2704 815 2746 narn
831 2697 860 2747 et
874 2696 980 2749 tremor
993 2697 1086 2750 terrae
1101 2706 1172 2767 per-

167 2770 318 2830 severabat
334 2778 363 2830 et
378 2769 509 2849 plerique
522 2770 658 2849 lymphati
669 2770 801 2832 terrificis
812 2771 1056 2835 vaticinationibus
1072 2780 1101 2833 et
1118 2790 1172 2834 sna

124 2859 197 2912 boet
216 2852 307 2913 aliena
325 2852 397 2913 mala
417 2852 640 2915 ludilicabantnr.
673 2852 763 2915 Nobis
785 2862 878 2914 tamen
900 2875 937 2917 ne
954 2865 1022 2916 tnnc
1043 2855 1216 2936 quidenndo

167 2952 332 3015 quamquam
353 2946 382 2998 et
401 2939 528 3015 expertis
549 2936 707 3017 perieulum
721 2947 752 2999 et
773 2941 1023 3017 exspectantibus,
1047 2939 1173 3002 abeundi

168 3019 325 3097 consilium,
341 3019 434 3080 donec
449 3019 485 3080 de
500 3021 640 3082 avunculo
654 3023 776 3082 nuntius.
803 3020 882 3083 llaec
892 3041 1069 3104 nequaqnam
1082 3024 1173 3084 bisto-

166 3104 208 3164 ria
227 3103 312 3182 digna
330 3119 386 3163 non
401 3105 560 3184 scripturus
575 3104 659 3183 leges
676 3114 706 3166 et
722 3107 788 3182 tibi,
811 3106 924 3168 scilicet
945 3109 994 3187 qui
1011 3108 1172 3187 requisisti,

165 3186 323 3267 imputabis,
340 3188 365 3247 si
377 3186 461 3265 digna
473 3207 510 3249 ne
523 3187 646 3268 epistula
662 3188 774 3267 quidem
788 3188 970 3256 videbuntur.
1003 3190 1083 3254 Vale.

630 3319 707 3383 xxi.

446 3421 474 3475 c.
493 3421 618 3474 samios
637 3421 767 3476 camme
785 3423 845 3478 suo
863 3423 889 3478 e.

140 3533 156 3586 l
228 3521 295 3584 Sum
310 3539 348 3584 ex
361 3523 397 3585 ils
411 3524 458 3603 qui
471 3523 604 3588 mirantur
618 3525 765 3606 antiquos,
791 3543 848 3587 non
864 3534 976 3606 tamen,
998 3534 1029 3586 nt
1046 3525 1174 3607 qnidam,
