2584 3972
350 217 615 310 nersuunanu'n
635 245 698 309 nu.
720 256 762 311 m.
779 257 820 312 19.
1051 246 1092 313 st

283 498 314 555 C.
339 498 463 552 PLINIUS
480 398 763 550 ΑΒΕΞξὲᾞΞΤΟΝΙΝΟ
783 495 843 549 stto
863 496 889 548 S.

152 615 393 692 Quemadmodum
406 617 496 696 magis
513 617 672 696 adprobare
684 615 736 675 tihi
748 632 866 695 possum
881 625 985 694 quanto
1002 631 1116 694 opere1

75 702 176 763 finirer
198 704 401 782 epigrammata
428 710 475 762 tua
501 699 609 762 Graeca
634 715 716 778 quam
741 701 819 779 quod
839 699 976 778 quaedam
994 698 1093 760 Latine

94 784 221 847 aemulari
240 796 270 846 et
290 787 453 865 exprimere
472 781 629 864 temptavil
655 785 684 843 in
701 782 829 845 deterius
844 794 948 845 tamen.
979 783 1094 843 Accidit

94 868 147 930 loo
161 871 281 948 primum
295 867 483 932 inbecillitate
498 869 605 948 ingenii
622 869 690 946 mei,
707 866 810 929 deiude
825 869 922 947 inopia
939 885 972 927 ac
984 868 1091 946 potius,

94 963 121 1013 ut
133 951 282 1015 lucretius
297 956 351 1034 ait,
367 962 498 1032 egestate
513 954 596 1033 patrii
611 952 763 1014 sermonis.
793 950 878 1024 Quod
893 953 917 1013 si
932 950 1005 1011 haee
1020 968 1120 1030 quaeq

95 1047 153 1098 sunt
173 1046 203 1099 et
222 1038 317 1100 Latina
338 1047 367 1099 et
388 1056 450 1098 mea
471 1037 580 1098 habere
593 1036 647 1098 titt
661 1035 768 1116 aliquid
784 1036 942 1098 venustatis
957 1033 1095 1095 videbun·

62 1129 149 1200 rotun,
170 1131 303 1202 quantum
325 1132 407 1201 putas
427 1123 524 1183 inesse
545 1123 581 1181 iis
602 1119 712 1197 gratiae
727 1137 801 1198 quae
814 1129 844 1180 et
858 1137 875 1180 a
889 1131 918 1181 te
935 1129 964 1180 et
985 1116 1094 1179 Graece

95 1203 292 1283 proferuntur?
324 1205 405 1267 Vale.

216 1451 244 1508 G.
265 1449 391 1506 PLINIUS
411 1351 815 1502 GALPIJR'fSIYAIlllHllISPULLAE
833 1448 918 1500 SUAE
936 1445 963 1500 S.
1003 1399 1045 1484 γ’

65 1583 89 1636 lt
153 1566 224 1632 Cum
247 1571 289 1632 sis
306 1570 421 1648 pietatis
437 1569 600 1649 exemplum
614 1569 788 1647 fratremque
804 1568 940 1647 optimum
957 1576 986 1628 et
1003 1585 1119 1638 aman-1

97 1653 226 1714 tissimum
247 1654 287 1714 tui
309 1655 370 1732 pari
392 1654 510 1715 caritate
527 1653 662 1716 dilexeris
678 1651 820 1732 liliumque
838 1653 900 1713 eius
915 1661 947 1712 ut
962 1660 1038 1712 tuam
1053 1652 1094 1712 di-

26 1777 27 1784 t
97 1735 161 1814 ligas
174 1757 230 1799 nec
244 1746 351 1800 tautum
365 1739 465 1798 amitae
480 1739 507 1799 ei
521 1737 664 1799 adfectum
678 1754 778 1797 verum
795 1737 881 1797 etlam
895 1736 983 1815 patris
1000 1737 1096 1798 amissi

96 1832 304 1901 repraesentes,
321 1839 378 1882 non
392 1821 490 1882 duhito
504 1823 623 1883 maximo
636 1822 687 1882 tibi
698 1820 801 1900 gaudio
815 1821 890 1898 fore,
907 1837 971 1880 cum
987 1837 1096 1898 cogno·

97 1906 165 1967 veris
180 1906 293 1985 dignam
306 1916 399 1985 patre,
415 1905 582 1985 dignante,
598 1906 709 1985 dignam
726 1921 780 1965 avo
797 1904 932 1965 evadere.
953 1903 1123 1974 Summumn

64 1996 137 2056 mest
149 2007 287 2068 acumen,
306 2007 411 2051 summa
427 1989 590 2068 frugalitas:
614 1999 687 2051 amat
703 2007 765 2065 me,
783 1989 860 2068 qnod
873 1988 1011 2049 castitatis
1025 1988 1095 2049 indi·

98 2072 164 2132 cium
179 2083 233 2136 est.
255 2073 379 2135 Accedit
391 2073 435 2134 his
453 2073 576 2135 studium
592 2073 760 2150 litterarum,
775 2071 853 2151 quod
864 2089 901 2132 ex
912 2072 967 2130 mei
980 2073 1098 2132 caritate

98 2159 234 2238 concepit.
256 2155 340 2219 llleos
356 2156 473 2218 libellos
487 2156 589 2233 habet,
602 2156 724 2234 lectitat,
737 2155 840 2216 ediscit
855 2155 949 2215 etiam.
972 2153 1034 2227 Qua
1048 2153 1123 2223 illas

98 2238 294 2319 sollieitudine
311 2259 374 2302 cum
387 2241 489 2303 videor
503 2249 629 2317 acturus,
644 2247 760 2316 quanto,
777 2256 841 2299 oum
852 2240 911 2316 egi,
926 2237 1032 2316 gaudio
1048 2238 1097 2299 ad·

54 2357 65 2366 -
98 2322 193 2390 licitur!
216 2326 353 2404 Disponit
369 2327 417 2404 qui
437 2327 565 2387 nuntient
585 2325 642 2386 sibi
655 2340 740 2404 quem
760 2323 928 2400 adsensum,
951 2340 1024 2401 quos
1040 2322 1097 2384 cla·

65 2417 185 2472 ttmmes
209 2411 373 2488 excitarim,
394 2427 481 2489 quem
501 2417 635 2470 eventum
652 2407 750 2469 iudicii
769 2407 891 2469 tulerim.
923 2405 1049 2486 Eadem,
1073 2407 1098 2468 si

99 2494 202 2570 mando
221 2495 332 2573 recito,
352 2495 381 2553 in
401 2493 530 2573 proximo
548 2493 675 2555 discreta
694 2491 762 2553 velo
776 2491 860 2553 sedet
874 2490 1033 2573 laudesque
1045 2508 1098 2552 no·

99 2584 163 2638 stras
177 2577 350 2640 avidissimis
371 2578 485 2639 auribus
504 2579 620 2657 exeipit.
651 2575 761 2638 Versus
780 2575 895 2655 quidem
908 2593 989 2638 meos
1005 2584 1126 2640 cantata

100 2661 175 2720 etiam
190 2661 350 2742 formatque
361 2661 478 2740 cithare,
490 2679 547 2722 non
561 2661 669 2722 artifice
679 2659 776 2740 aliquo
788 2659 911 2721 docente
922 2660 976 2721 sed
987 2676 1097 2737 amore,

100 2744 141 2819 qui
155 2747 293 2824 magister
306 2755 352 2808 est
368 2748 501 2826 optimus.
533 2744 586 2806 llis
606 2763 644 2805 ex
658 2746 751 2806 causis
773 2745 801 2803 in
815 2760 897 2822 spem
913 2744 1125 2808 certissimamt

67 2825 218 2890 dtadducor
227 2840 395 2910 perpetuam
408 2829 492 2892 nobis
504 2829 697 2907 maioremque
707 2829 736 2889 in
748 2826 809 2888 dies
820 2826 940 2888 futuram
952 2844 1020 2888 esse
1032 2843 1099 2887 con·

61 2960 79 2978 Ν
101 2911 226 2974 cordiam.
255 2913 320 2976 Non
340 2916 415 2976 enim
435 2922 557 2976 aemtem
570 2930 662 2974 meam
675 2921 724 2974 aut
739 2929 856 2992 corpus,
877 2928 951 2990 quae
966 2910 1099 2990 paulatim

102 2995 229 3059 occidunt
249 3016 284 3059 ac
307 3008 478 3077 senescunt,
501 2998 553 3060 sed
573 2997 693 3076 gloriam
711 2995 813 3075 diligit.
844 2994 908 3056 Nee
924 2994 999 3056 aliud
1015 2995 1127 3059 decetd

102 3079 152 3140 tuis
164 3083 295 3143 manibus
310 3082 474 3160 educatam,
496 3083 552 3143 tuis
570 3082 735 3160 praeceptis
749 3081 922 3158 institutam,
940 3097 1013 3160 quae
1030 3077 1099 3139 nihil

102 3161 127 3220 in
144 3165 328 3228 contubernio
349 3176 398 3227 tuo
419 3166 524 3227 viderit
543 3166 599 3227 nisi
620 3173 749 3226 sanctum
773 3163 1001 3244 honestumque,
1026 3179 1099 3243 qnae

69 3242 221 3326 etdenlque
237 3267 329 3313 amare
343 3267 390 3312 me
404 3269 441 3312 ex
456 3259 503 3311 tua
518 3249 730 3329 praedicatione
743 3250 934 3310 consueverit.
953 3245 1024 3307 llam
1037 3253 1128 3309 cum‘l

103 3337 214 3392 matrem
234 3350 323 3395 meam
345 3335 470 3414 parentis
493 3333 561 3394 loeo
581 3332 743 3407 verereris,
770 3349 816 3394 me
832 3349 848 3392 a
865 3331 987 3410 pueritia
1007 3330 1102 3392 statim

105 3410 231 3494 formare,
247 3416 360 3481 laudare
378 3418 519 3499 talemque
535 3417 627 3497 qualis
641 3434 717 3477 nunc
729 3417 811 3478 uxori
824 3433 905 3475 meae
916 3414 1019 3476 videor
1030 3414 1100 3475 omi·

105 3499 161 3641 terp
179 3498 303 3644 soIZbas.
343 3500 479 3565 Certatim
499 3519 569 3580 ergo
593 3501 644 3562 ttbt
664 3501 769 3580 gratias
792 3501 918 3578 agimus,
946 3516 1003 3576 ego
1026 3496 1130 3574 quode

162 3602 212 3642 unu
250 3607 276 3646 u.
