2604 3972
582 266 614 328 G.
637 265 734 326 PLINI
815 277 820 284 '

625 417 688 478 XX.

419 518 446 572 o.
465 516 590 569 sumtus
603 514 772 568 vanasour
786 515 846 568 suo
863 515 891 567 s,

129 648 144 700 1
215 633 274 696 'lua
293 655 364 698 vero
392 635 518 715 epistula
539 645 616 696 tanto
638 635 705 696 mibi
725 635 874 696 iucundior
893 635 946 697 luit
972 644 1076 714 quanto
1098 633 1161 695 lon·

153 719 218 798 gior
236 728 314 798 erat,
341 721 510 798 praesertim
534 736 597 779 cum
618 718 653 778 de
673 718 780 780 libellis
801 721 873 780 meis
894 727 954 780 tota
976 717 1160 797 loqueretur;

153 820 226 882 quos
241 804 292 863 tibi
304 804 443 881 voluptati
459 820 526 863 esse
543 819 601 863 non
614 804 716 879 miror,
734 820 799 862 cum
819 804 910 864 omnia
926 812 1024 863 nostra
1039 802 1186 882 perinde5

125 897 185 951 tac
199 904 253 947 nos
269 904 356 947 ames.
380 886 448 965 lpse
467 904 531 946 cum
550 887 670 946 mammo
691 885 863 964 vindemias,
889 885 1014 964 graciles
1033 884 1160 965 quidem,

153 971 304 1033 uberiores
318 981 412 1032 tamen
427 987 509 1049 quam
524 978 762 1048 expectaueram,
780 969 901 1048 colligo;
919 971 944 1032 si
958 969 1098 1048 colligere
1116 979 1162 1031 est

152 1071 209 1115 non
224 1072 374 1133 numquam
389 1054 550 1132 decerpere
564 1070 665 1131 uvam,
686 1051 828 1114 torculum
842 1055 985 1132 invisere,
1005 1053 1161 1132 degustare

153 1138 190 1198 de
204 1137 270 1199 lacu
284 1147 422 1217 mustum,
437 1139 580 1216 obrepere
596 1136 727 1214 urbanis,
747 1137 794 1214 qui
808 1155 883 1198 nuuc
897 1138 1011 1199 rusticis
1025 1146 1161 1215 praesunt

153 1239 257 1299 meque
274 1224 391 1283 notariis
406 1232 436 1284 et
451 1219 609 1283 lectoribus
625 1219 809 1298 reliquerunt.
841 1219 922 1281 Vale.
1168 1224 1202 1276 lo

409 1465 436 1520 0.
455 1463 580 1517 PLINIUS
598 1369 775 1516 dedddlANO
795 1463 856 1516 SUO
877 1463 903 1514 S.

129 1581 144 1633 1
216 1566 346 1629 Libertus
364 1578 445 1645 tuus,
465 1570 511 1629 cui
527 1586 699 1630 suscensere
714 1576 743 1628 te
758 1567 888 1644 dixeras,
905 1564 984 1626 venit
999 1562 1035 1624 ad
1049 1581 1096 1623 me
1111 1563 1159 1626 ad·

154 1651 329 1732 volatusque
344 1651 466 1731 pedibus
484 1653 556 1712 meis
571 1661 711 1730 tamquam
725 1652 780 1712 tuis
795 1651 896 1711 haesit.
925 1647 1019 1708 Fleuit
1031 1646 1159 1725 multum,
1169 1663 1202 1714 15

154 1735 271 1797 multum
287 1737 409 1814 rogavit,
425 1735 542 1795 multum
558 1737 641 1796 etiam
655 1735 758 1810 tacuit,
774 1735 803 1793 ia
818 1750 941 1810 summa,
963 1730 1033 1792 iecit
1047 1731 1115 1792 mibi
1129 1733 1160 1792 li·

156 1819 220 1880 dem
234 1821 437 1899 paenitentiae.
464 1818 541 1880 Vere
559 1818 646 1880 credo
662 1818 856 1894 emendatum,
876 1817 942 1895 quia
956 1814 1112 1894 deliquisse
1126 1833 1160 1875 se

129 1905 251 1966 asentit.
270 1903 418 1982 Irasceris,
435 1905 508 1980 scio,
525 1911 554 1963 et
570 1901 705 1964 irasceris
716 1904 828 1979 merito,
843 1899 873 1961 id
887 1916 1001 1979 quoque
1015 1900 1093 1960 scio:
1107 1897 1162 1958 sed

154 1996 222 2049 tune
237 1989 390 2068 praecipua
406 1987 626 2051 mansuetudinis
648 1987 726 2064 laus,
751 2002 814 2046 cum
832 1985 892 2045 irae
908 2000 993 2046 eausa
1007 1983 1161 2043 iustissima

129 2079 209 2134 test.
225 2072 334 2133 Amasti
348 2072 491 2135 bominem
505 2083 544 2149 et,
557 2088 656 2152 spero,
673 2071 779 2131 amabis
789 2091 795 2128 :
807 2068 919 2129 interim
929 2065 1076 2128 sollicitat
1091 2073 1203 2127 exo-bo

154 2156 210 2215 rari
224 2165 252 2216 te
268 2158 352 2217 sinas.
379 2155 490 2218 Licebit
503 2173 601 2217 rursus
612 2155 714 2231 irasci,
730 2156 754 2213 si
768 2153 918 2230 meruerit,
936 2149 1013 2230 quod
1027 2159 1162 2211 exoratus

155 2241 317 2300 excusatius
329 2239 429 2301 iacies.
450 2238 573 2299 Remitte
587 2237 694 2317 aliquid
705 2235 919 2298 adulescentiae
933 2235 1035 2313 ipsius,
1047 2235 1160 2294 remitte

157 2321 297 2399 lacrimis,
319 2325 431 2383 remitte
445 2321 637 2400 indulgentiae
651 2330 731 2381 tuae:
752 2339 789 2382 ue
804 2319 924 2380 torseris
939 2315 1034 2395 illum,
1050 2335 1087 2378 ne
1101 2327 1161 2378 tor·

130 2406 230 2466 aseris
246 2407 330 2466 etiam
343 2415 383 2466 te.
401 2404 556 2483 Torqueris
572 2407 663 2480 enim,
687 2421 750 2462 curn
770 2412 827 2462 tam
841 2402 915 2463 lenis
928 2401 1070 2462 irasceris.
1102 2400 1160 2461 Ve-

155 2505 272 2548 reorne
289 2487 387 2548 ridear
400 2504 458 2547 aon
471 2505 574 2564 rogare
589 2486 643 2548 sed
656 2503 782 2564 cogere,
803 2487 829 2546 si
848 2485 984 2566 precibus
999 2487 1060 2546 eius
1080 2493 1203 2546 meast-¹>

155 2573 283 2632 iunxero.
304 2570 421 2648 Iungam
434 2581 528 2633 tamen
544 2579 621 2633 tanto
631 2570 744 2650 plenius
759 2579 788 2631 et
802 2567 931 2647 edusius,
947 2577 1051 2648 quanto
1065 2570 1160 2648 ipsum

157 2657 251 2716 acrius
269 2657 459 2735 severiusque
479 2657 621 2735 corripui,
644 2653 783 2718 destricte
802 2655 923 2714 minatus
944 2669 1093 2730 numquam
1112 2669 1160 2711 me

157 2748 259 2816 postea
273 2749 445 2818 rogaturum.
476 2738 540 2801 lioe
561 2739 619 2818 illi,
635 2756 721 2818 quem
736 2739 839 2800 terreri
853 2737 1020 2815 spumabat,
1036 2737 1089 2796 tibi
1103 2753 1160 2796 non

155 2823 241 2883 idem.
260 2822 330 2884 Nam
340 2822 463 2885 iortasse
474 2825 575 2884 iterum
586 2823 708 2901 rogabo,
723 2821 881 2900 impetrabo
894 2823 1010 2882 iterum:
1025 2821 1063 2882 sit
1073 2819 1160 2880 modo

154 2905 212 2965 tale
227 2915 258 2966 ut
271 2924 374 2984 rogare
388 2924 446 2985 me,
463 2916 493 2966 ut
506 2915 653 2986 praestare
668 2914 698 2966 te
714 2905 825 2968 deceat.
858 2903 938 2966 Vale.
1166 2915 1203 2970 ³0

435 3147 461 3200 C.
480 3051 752 3203 PLINIUSXSJdIlddIRO
772 3150 832 3202 SUO
850 3149 876 3201 S.

131 3262 146 3314 1
215 3248 317 3327 Magna
331 3266 376 3310 me
391 3247 580 3313 sollicitudine
595 3251 702 3313 adiecit
716 3250 852 3312 Passenni
872 3249 961 3312 Paulli
977 3249 1113 3328 valitudo,
1130 3257 1159 3310 et

156 3333 270 3413 quidem
284 3332 410 3412 plurimis
424 3335 642 3416 iustissimisque
659 3335 814 3396 decausis.
833 3333 885 3395 Vir
895 3343 941 3396 est
955 3336 1090 3413 optimus,
1107 3333 1201 3399 boiis
1286 3319 1287 3378 Ῐ

155 3418 349 3494 nestissimus,
366 3419 456 3479 nostri
470 3421 689 3489 amantissimum
711 3426 862 3497 praeterea
882 3420 911 3478 in
925 3417 1026 3480 litteris
1041 3427 1160 3480 veteres

156 3499 321 3579 aemulatur,
340 3504 482 3581 exprimit,
497 3502 599 3581 reddit,
612 3501 791 3581 Propertium
801 3503 830 3561 ia
841 3502 949 3581 primis,
969 3519 1053 3581 aquo
1065 3519 1158 3580 genus
