2604 3972
174 299 236 366 194
594 296 629 360 (l.
651 296 749 359 PLlNl

175 471 242 531 que,
259 453 377 528 agnosci
394 469 445 528 se,
461 451 546 510 amari
562 458 657 530 putat,
674 459 745 510 amat
759 451 840 530 ipse:
856 458 958 510 neuter
972 449 1063 526 timet,
1079 460 1183 510 neuter
1292 451 1293 546 l

149 539 303 598 utimetnr:
330 535 412 594 buius
433 533 551 612 fiducia,
574 533 760 595 mansuetudo
781 533 856 594 illius
877 543 1007 612 augetur.
1040 531 1103 593 Nee
1124 550 1182 594 non

176 618 222 679 alii
238 620 318 697 pueri
336 618 435 678 dextra
455 616 595 696 laevaque
616 617 699 678 simul
716 627 785 678 eunt
801 617 947 678 hortantes
963 625 1180 696 monentesque.

176 703 236 763 lbat
252 720 305 762 una
319 701 363 780 (id
380 717 496 782 quoque
511 701 626 779 mirum)
642 700 793 780 delphinus
808 701 897 779 alius,
912 710 1018 762 tantum
1032 709 1182 779 spectator

176 796 205 848 et
227 802 333 845 eomes.
368 783 443 845 Nihil
461 785 534 844 enim
553 784 646 846 simile
661 793 708 846 aut
723 784 846 846 faciebat
862 793 909 846 aut
928 785 1102 863 patiebatur,
1128 783 1209 848 sed5

148 869 294 936 salterunn
308 867 386 928 illum
403 867 526 930 ducebat
546 868 780 949 reducebatque,
798 877 829 929 ut
849 885 969 948 puerum
984 869 1074 928 oeteri
1089 870 1182 948 pueri.

175 951 363 1028 Incredibile,
376 961 433 1012 tarn
443 961 646 1012 verumtamen
659 970 741 1030 quam
756 955 862 1031 priora,
877 951 1040 1031 delphinum
1054 961 1183 1030 gestato·

174 1053 236 1097 rem
258 1036 495 1114 eoulusoremque
517 1052 671 1116 puerorum
692 1036 721 1095 in
742 1045 844 1096 terram
866 1052 980 1115 quoque
1003 1035 1113 1096 extrahi
1136 1053 1182 1096 so-

174 1121 254 1181 litum
272 1120 442 1198 harenisque
463 1121 617 1196 sieoatum,
643 1119 692 1178 ubi
710 1117 893 1196 incaluisset,
914 1121 944 1178 in
962 1136 1040 1178 mare
1060 1119 1181 1180 revolvi.

149 1201 294 1270 oGonstat
306 1202 455 1264 Octavium
465 1203 589 1280 Avitum,
607 1202 733 1281 legatum
745 1219 797 1281 pro
811 1201 941 1281 consule,
957 1205 986 1266 in
996 1202 1064 1264 litus
1077 1203 1181 1264 edueto
1193 1216 1227 1270 ιο

174 1287 315 1367 religione
330 1305 416 1366 prava
430 1285 628 1366 superfudisse
642 1295 825 1365 unguentum,
842 1288 922 1348 euius
936 1284 1015 1346 illum
1028 1288 1183 1348 nomtatem

176 1371 351 1450 odoremque
366 1373 396 1432 in
412 1370 498 1431 altum
512 1369 656 1448 refugisse
673 1387 728 1431 nee
743 1371 797 1430 nisi
810 1380 877 1450 post
892 1371 996 1432 multos
1014 1369 1076 1432 dies
1091 1373 1184 1433 visurn

176 1453 338 1532 languidum
354 1464 383 1515 et
397 1463 544 1531 maestum,
560 1471 628 1514 mox
643 1453 761 1515 redditis
775 1455 881 1515 viribus
898 1457 1022 1534 priorem
1038 1453 1184 1516 lasciviam

133 1553 168 1605 lo
177 1548 206 1600 et
220 1538 303 1600 solita
317 1539 470 1600 masma
484 1539 638 1616 repetisse.
669 1535 856 1599 Confluebant
870 1556 969 1600 omnes
984 1537 1019 1598 ad
1030 1548 1183 1617 speetaeu-

177 1623 234 1682 lum
249 1623 446 1700 magistratus,
469 1639 588 1700 quorum
604 1619 727 1682 adventu
745 1632 775 1682 et
786 1639 866 1683 mora
880 1622 992 1684 modiea
1006 1641 1053 1682 res
1067 1622 1183 1702 publiea
1194 1639 1225 1693 1⁵

176 1708 257 1768 novis
280 1705 439 1784 sumptibus
466 1706 648 1766 atterebatur.
688 1705 836 1766 Postremo
862 1706 945 1768 loeus
968 1707 1033 1785 ipse
1058 1709 1183 1785 quietem
1292 1749 1293 1758 .

177 1809 255 1852 suam
270 1799 471 1868 secretumque
483 1789 632 1869 perdebat.
651 1786 761 1850 Plaouit
778 1789 893 1852 oeoulte
914 1791 1035 1852 interliei
1054 1790 1090 1851 ad
1106 1789 1184 1870 quod

133 1888 167 1940 11
179 1875 318 1936 coibatur.
340 1872 420 1936 llaee
431 1881 462 1934 tu
471 1890 526 1952 qua
534 1874 727 1952 miseratione,
744 1892 799 1954 qua
812 1877 895 1953 eopia
910 1874 1042 1952 deflebis,
1056 1875 1181 1949 ornabis,
1292 1909 1293 1978 p

175 1957 305 2022 attolles!
326 1957 501 2037 Quamquam
515 1975 572 2020 nou
586 1968 632 2020 est
644 1972 717 2036 opus
730 1957 854 2036 adtingas
866 1956 971 2037 aliquid
980 1967 1028 2019 aut
1037 1957 1182 2020 adstruas:

175 2043 281 2106 suffieit
295 2062 332 2104 ne
348 2061 383 2104 ea
398 2059 472 2123 quae
487 2052 553 2104 sunt
568 2060 638 2104 vera
653 2043 819 2102 minuantur.
853 2040 933 2102 Vale.
1191 2051 1226 2104 bt)
1292 2105 1293 2110 ,

609 2173 754 2236 xrnxnu
1058 2251 1061 2258 ⁴

428 2273 455 2325 G.
475 2273 599 2326 PLINIUS
614 2273 819 2334 TRANQUILLO
838 2272 899 2326 SUO
915 2271 941 2328 S.

150 2393 166 2444 1
234 2374 356 2454 Explioa
370 2379 479 2435 aestum
499 2393 600 2434 meum.
632 2374 726 2435 Audio
747 2394 792 2435 me
812 2374 887 2436 male
902 2374 1021 2456 legere,
1043 2374 1185 2437 dumtaxat

175 2474 291 2526 versum
317 2458 461 2518 orationes
479 2457 553 2516 enim
574 2457 768 2536 commodius,
791 2459 843 2518 sed
865 2468 941 2522 tanto
963 2461 1054 2520 minus
1068 2474 1225 2528 versusns
1292 2515 1293 2522 ,

177 2539 282 2620 Cogito
299 2558 381 2620 ergo,
394 2543 563 2603 recitaturus
580 2539 762 2602 familiaribus
777 2545 892 2621 amieis,
910 2546 1036 2624 experiri
1051 2543 1184 2606 libertum
1292 2603 1293 2610 ,

176 2644 278 2688 meum.
299 2625 363 2686 lloo
378 2643 493 2706 quoqne
512 2624 648 2686 familiare
668 2626 747 2705 quod
761 2627 838 2706 elegi
852 2643 909 2687 non
924 2629 1000 2689 bene
1016 2626 1068 2688 sed
1079 2628 1184 2689 melius

150 2711 332 2789 electurum,
354 2711 379 2772 si
398 2719 491 2772 buren
510 2727 567 2771 non
581 2709 666 2772 fuerit
680 2711 870 2788 pertrubatus.
901 2711 955 2774 Est
971 2713 1045 2772 enim
1058 2720 1115 2773 tam
1132 2729 1182 2774 no·

174 2814 228 2857 vus
249 2795 345 2856 leotor
362 2813 444 2874 mam
462 2813 519 2873 ego
535 2800 632 2874 potita.
662 2793 729 2873 lpse
743 2796 844 2857 neseio
861 2795 929 2874 quid
943 2795 993 2856 illo
1006 2795 1127 2874 legente
1141 2796 1183 2856 in·
1292 2777 1293 2822 Ψ

175 2881 257 2940 terim
271 2878 383 2956 faeiem,
398 2879 515 2942 sedeam
527 2878 637 2938 defixus
647 2886 740 2939 mutus
756 2888 786 2939 et
799 2877 897 2940 similis
907 2881 1002 2941 otioso
1014 2896 1060 2958 sn,
1077 2887 1108 2940 ut
1120 2879 1228 2958 qui-ao

176 2961 255 3038 daun,
272 2979 345 3040 quae
365 2961 555 3040 pronuntiabit
575 2978 716 3024 murmure
733 2963 824 3024 oeulis
837 2981 919 3023 manu
935 2981 1103 3044 prosequar.
1124 2962 1184 3023 Sed
1292 2985 1293 3034 ι

176 3053 246 3126 puto
266 3062 313 3105 me
332 3061 389 3104 non
402 3046 494 3106 minus
508 3043 582 3107 male
597 3045 702 3106 saltare
716 3063 798 3126 quam
817 3047 928 3126 legere.
959 3047 1066 3109 lterum
1079 3046 1183 3126 diuam,
1292 3059 1293 3062 ’

176 3129 291 3209 explioa
304 3136 413 3190 aestum
424 3147 520 3190 meum
532 3148 660 3210 vereque
674 3132 806 3193 reseribe
817 3149 883 3193 nurn
893 3132 931 3194 sit
940 3132 1042 3194 melius
1055 3132 1184 3212 pessime

103 3282 113 3307 N
175 3212 277 3291 legere
293 3203 375 3295 maun
388 3214 441 3275 ista
456 3213 504 3276 vel
517 3232 574 3275 non
589 3215 685 3276 faeere
698 3215 747 3276 vel
762 3215 869 3278 faeere.
891 3215 974 3278 Vale.
1292 3225 1293 3290 l

530 3421 537 3434 ι
620 3349 736 3410 XXXV·
1191 3309 1228 3365 35
1292 3413 1293 3430 r

485 3448 512 3503 (l.
533 3447 659 3500 PLINIUS
677 3446 773 3498 ATRIO
793 3447 852 3500 SUO
866 3447 893 3502 S.

151 3558 165 3610 1
237 3545 350 3612 bibrum
362 3567 446 3632 quem
460 3551 560 3613 misisti
571 3550 671 3630 reeepi
687 3558 716 3612 et
729 3551 835 3632 gratias
849 3567 915 3629 ago.
936 3548 1004 3611 Sum
1017 3559 1110 3612 tamen
1124 3549 1185 3614 hoe
