2584 3972
379 289 643 353 EPISTULARUM
659 290 724 352 1111.
747 300 848 354 1213.
1083 287 1123 356 75
1209 351 1212 358 ,

113 445 230 510 Ilereor
243 453 274 505 ut
286 444 413 506 vicissim
427 445 494 524 quid
508 447 537 506 in
553 445 660 526 oppido
675 452 739 522 tuo,
762 443 830 523 quid
843 444 871 503 in
887 443 1009 505 finitimis
1024 450 1123 520 agatur
1132 451 1165 507 16

114 531 228 610 (solent
238 531 317 590 enlm
330 528 466 608 quaedam
481 529 615 592 notabilia
630 527 774 610 incidere)
795 527 973 607 perscribas:
1000 525 1123 606 denique

114 613 252 694 quidquid
272 612 373 692 voles,
396 613 461 673 dum
476 614 562 675 modo
578 631 635 674 non
654 614 745 674 minus
767 612 854 692 longa
875 608 998 690 epistula
1018 614 1123 672 uuutIa.

111 699 252 844 ffionop
265 701 384 841 paginas
404 707 510 760 tanturn
532 697 585 760 sed
600 715 702 758 versus
718 698 803 758 etiam
825 695 1010 774 syllabasque
1026 713 1123 756 nume·

90 795 107 847 5
167 800 194 843 o.
250 800 307 844 ae.

307 1015 334 1069 O.
355 1014 481 1066 PLINIUS
502 1015 638 1066 MATURO
655 1013 802 1068 ARRIANO
823 1014 883 1066 SUO
902 1014 929 1068 S.

177 1122 265 1183 Amas
281 1119 432 1200 Egnatium
447 1119 643 1183 Marcellinum
657 1131 743 1200 atque
758 1121 842 1182 etiam
857 1119 924 1181 mihi
939 1138 1028 1199 saepe
1044 1135 1146 1186 eom-1

74 1205 246 1274 lomendas:
260 1207 365 1268 amabIs
381 1207 472 1284 magle
486 1206 765 1285 commendabisque,
781 1206 805 1265 si
819 1207 990 1282 cognoveris
1003 1207 1065 1266 eius
1076 1224 1122 1265 re·

114 1310 186 1353 cens
200 1291 315 1351 lactum.
348 1288 420 1351 Uum
435 1293 463 1350 in
477 1292 653 1370 provinciam
668 1299 803 1368 quaestor
815 1291 925 1350 exisset
940 1288 1147 1368 scribamqueu

113 1379 163 1456 qui
184 1377 255 1437 sorti
279 1376 421 1452 obtigerat
441 1385 507 1436 ante
528 1375 685 1453 legitimum
710 1372 805 1436 salarii
829 1382 942 1452 tempus
968 1374 1121 1451 amisisset,

113 1460 193 1539 quod
214 1469 368 1539 acceperat
389 1461 502 1522 scribae
524 1459 638 1520 daturus
658 1456 800 1519 intellexit
815 1467 844 1519 ct
860 1459 957 1518 statuit
973 1457 1124 1518 subsidere

112 1543 189 1624 apud
204 1563 238 1605 se
251 1561 308 1604 nou
324 1552 470 1623 oportere.
489 1543 589 1622 Itaque
602 1561 738 1604 reversus
753 1540 917 1621 Gaesarem,
930 1541 1033 1602 deinde
1049 1540 1146 1604 Cae-3

75 1653 106 1705 15
114 1647 181 1689 sare
207 1637 325 1688 auctore
347 1637 476 1690 senatum
497 1627 640 1690 consuluit
661 1627 729 1706 quid
749 1627 811 1687 lieri
835 1626 871 1687 de
898 1625 1001 1687 salario
1021 1625 1121 1686 vellet.

115 1711 204 1773 Parva
227 1713 375 1792 quaestio,
404 1713 570 1775 sedtamen
594 1713 735 1790 quaestio.
768 1709 898 1772 Heredes
919 1711 1033 1772 scribae
1057 1709 1122 1788 sibi,

114 1797 255 1877 praelecti
269 1799 358 1857 aerari
372 1795 481 1878 populo
495 1796 698 1872 viudicabant.¹
716 1795 788 1856 licta
803 1813 889 1856 causa
908 1804 968 1856 est:
988 1793 1056 1854 dixit
1070 1793 1148 1855 be·4

114 1880 215 1942 redum
228 1881 400 1960 advocatus,
422 1881 525 1942 deinde
540 1880 659 1962 populi,
676 1891 798 1961 uterque
812 1877 1027 1959 percommode.
1050 1875 1122 1938 Cae·

117 1965 198 2027 cilius
216 1965 319 2026 Strabo
333 1967 443 2026 aerario
459 1969 569 2027 censuit
583 1965 771 2042 inferendum,
787 1963 911 2025 baebius
925 1962 1024 2023 Macer
1039 1961 1123 2021 bere·

73 2049 200 2121 podibus
216 2049 350 2111 dandum:
373 2051 493 2111 obtinuit
508 2050 620 2111 Strabo.
643 2049 685 2109 Tu
699 2047 781 2108 lauda
795 2046 1002 2123 Marcellinum,
1019 2055 1049 2105 ut
1065 2054 1148 2122 egos

117 2135 211 2195 statim
231 2135 297 2195 feci.
333 2133 467 2207 Quamvis
489 2137 563 2194 euim
583 2132 693 2194 abunde
716 2132 839 2192 sufficiat
853 2130 895 2191 illi
910 2130 987 2211 quod
1003 2138 1049 2189 est
1064 2138 1124 2188 eta

116 2221 247 2300 principe
265 2227 295 2280 et
308 2237 324 2278 a
338 2229 438 2281 senatu
453 2219 609 2298 probatus,
625 2216 760 2295 gaudebit
775 2226 868 2277 tamen
883 2215 1045 2276 testimonio
1061 2223 1122 2274 tuo.

117 2300 223 2364 Omnes
243 2305 316 2363 enirn
338 2306 386 2382 qui
408 2302 500 2382 glorIa
518 2303 648 2381 famaque
671 2301 811 2362 ducuntur
832 2302 931 2360 mIrurn
955 2300 984 2359 in
1008 2298 1145 2358 modumo

116 2386 251 2449 adsensio
266 2397 296 2447 et
309 2385 371 2450 laus
386 2407 403 2449 a
417 2389 571 2448 miuoribus
589 2388 673 2448 etiarn
687 2385 820 2466 prolecta
833 2384 966 2446 delectat.
993 2381 1035 2443 I'e
1051 2399 1123 2442 vero

74 2469 299 2538 subnecturus
316 2474 354 2533 ita
371 2482 522 2534 reveretur
536 2481 566 2532 ut
580 2471 684 2532 iudicio
700 2479 749 2531 tuo
765 2469 915 2548 plurimum
927 2469 1039 2528 tribuat.
1066 2466 1148 2526 Aci

117 2554 195 2617 cedit
209 2556 254 2617 bis
270 2557 362 2634 quod,
387 2559 412 2618 si
433 2559 603 2634 cognoverit
623 2555 728 2616 iactum
750 2573 831 2615 suum
850 2555 906 2614 Isto
925 2571 1016 2630 usque
1035 2569 1123 2629 pene·

115 2650 229 2718 trasco,
246 2645 377 2702 'necesse
398 2650 444 2702 est
463 2640 553 2704 laudis
574 2657 643 2702 suae
661 2641 755 2718 spatio
770 2648 800 2701 et
814 2656 898 2699 eursu
914 2646 944 2698 et
958 2635 1124 2714 peregrina·

115 2727 195 2785 tione
209 2724 341 2786 laetetur.
370 2724 499 2804 EtenIm,
517 2727 618 2786 nescio
635 2740 692 2802 quo
706 2733 810 2802 pacto,
825 2720 873 2782 vel
889 2722 979 2797 magis
994 2719 1123 2778 homines

114 2811 193 2870 iuvat
206 2807 299 2888 gloria
312 2809 369 2870 lata
384 2827 465 2888 quam
479 2827 588 2888 magna.
621 2805 704 2868 Vale.

75 2907 109 2962 ³⁰
585 2941 663 3003 xru.
843 2975 865 3004 a
886 2991 891 3004 „

407 3040 436 3093 U.
454 3038 578 3092 PLINIUS
597 3039 713 3090 unctio
727 3036 787 3090 SUO
803 3037 831 3088 S.
918 3059 924 3071 ·

180 3145 296 3206 Salvum
315 3154 345 3206 te
372 3147 400 3205 iu
421 3143 520 3206 urbem
543 3147 660 3207 venisse
683 3143 811 3222 gaudem
837 3141 941 3203 venisti
961 3149 1071 3216 autem,
1096 3138 1146 3200 sil
1244 3185 1246 3190 .

116 3228 231 3310 quando
251 3229 338 3308 alias,
363 3247 439 3290 nune
460 3231 582 3291 maxime
602 3229 669 3290 mihi
684 3227 874 3290 desideratus.
906 3222 974 3304 Ipse
994 3220 1124 3302 pauculis

74 3314 210 3381 35adbuc
231 3313 332 3376 diebus
347 3315 375 3375 in
395 3313 557 3375 Tusculano
579 3312 793 3390 commorabor,
814 3321 846 3372 ut
862 3307 1031 3388 opusculum
1047 3305 1125 3386 quod

116 3402 203 3461 estin
214 3400 343 3460 manibus
354 3397 507 3461 absolvam.
529 3398 642 3460 Vereor
656 3400 731 3459 enim
744 3416 793 3474 ne,
809 3397 834 3457 si
850 3395 924 3455 banc
940 3393 1153 3454 intentionemb

116 3476 172 3544 iam
186 3485 215 3544 iu
230 3483 286 3544 fine
302 3483 446 3561 laxavero,
461 3501 549 3561 aegre
564 3500 714 3544 resumam.
745 3481 861 3541 Inten'm
875 3497 912 3538 ne
927 3476 995 3556 quid
1009 3476 1126 3537 festina·

116 3570 188 3630 tIoni
201 3585 284 3631 meae
295 3574 406 3650 pereat,
421 3567 499 3648 quod
512 3585 574 3630 sum
585 3585 723 3648 praesens
737 3567 876 3644 petiturus
887 3562 940 3621 hac
952 3561 1032 3639 quasi
1044 3574 1126 3635 prae-
