2580 3978
348 255 352 262 ’
400 293 659 354 aursuomaou
677 294 727 354 ιιι.
748 302 772 357 ι,
792 304 819 358 s.
1069 293 1109 357 51

109 444 246 526 usquead
258 447 413 507 emacitatis
426 446 687 526 reprehensionem.
711 445 811 507 Plures
829 445 917 506 isdem
935 448 963 506 iu
975 446 1048 509 locis
1059 447 1139 510 vil-8

106 531 148 592 las
167 529 333 610 possidebat
351 530 540 610 adamatisque
556 532 638 590 novis
655 531 767 610 priores
783 529 967 608 neglegebat.
992 529 1110 592 blultum

104 614 213 692 ubique
230 611 380 692 librorum,
399 613 514 674 multum
534 621 701 689 statuarum,
721 614 836 674 multum
853 615 1020 693 imaginum,
1040 633 1110 694 quas

103 715 161 761 non
174 697 297 758 babebat
309 698 393 759 modo
404 716 502 758 verum
514 699 597 759 etiam
607 699 813 776 venerabatur,
831 697 951 775 Vergilii
968 706 1032 759 autc
1051 716 1110 758 om·

78 797 170 859 ones,
185 783 265 842 cuius
277 781 397 843 natalem
415 781 578 860 religiosius
592 800 672 860 quam
691 799 772 844 suum
786 781 967 859 celebrabat,
987 779 1110 860 Neapoli

102 868 244 943 maxime,
269 866 317 925 ubi
334 867 532 927 monimentum
550 867 611 931 eius
630 866 707 926 adire
725 876 756 927 ut
772 865 908 945 templum
925 865 1047 927 solebat.
1077 864 1136 930 lull

102 949 159 1010 bac
177 949 379 1027 tranquillitate
396 968 496 1010 aunum
514 951 639 1029 quintum
657 959 685 1010 et
697 951 958 1049 septuagensimum
971 951 1108 1026 excessit,

102 1032 231 1094 delicato
248 1034 337 1111 magis
356 1051 480 1112 corpore
498 1051 581 1112 quam
597 1034 722 1102 iniirm0;
744 1044 831 1113 utque
842 1035 1013 1094 norissimus
1024 1052 1040 1093 a
1052 1031 1110 1093 Nc·
1211 1089 1218 1100 ,

101 1134 177 1178 rone
194 1116 287 1178 factus
305 1125 349 1176 est
367 1117 485 1194 consul,
503 1121 539 1178 ita
558 1126 718 1194 postremus
737 1136 773 1177 ex
792 1118 919 1178 omuibus
938 1135 1010 1196 quos
1030 1115 1109 1178 Nero

64 1199 242 1262 ioconsulos
254 1189 363 1261 iec'erat
375 1201 510 1263 decessit
532 1199 605 1261 lllud
622 1203 704 1261 etiam
721 1201 863 1280 notabile,
880 1200 993 1261 ultimus
1004 1219 1041 1261 ex
1051 1198 1109 1260 Ne
1098 1213 1153 1265 ·1o

99 1286 228 1346 roniauis
247 1282 443 1346 consularibus
458 1285 528 1345 obiit
545 1301 601 1363 quo
620 1284 738 1345 consule
756 1283 835 1346 Nero
854 1286 946 1363 periit.
969 1283 1053 1357 Quod
1063 1302 1108 1343 me

100 1368 303 1430 recordantem
327 1367 486 1447 fragilitatis
503 1368 640 1428 humanae
656 1369 799 1428 miseratio
820 1369 906 1428 subit.
942 1366 1016 1440 Quid
1034 1369 1107 1426 euim
1119 1378 1150 1430 ll

100 1462 159 1514 tam
173 1453 380 1530 circumcisum,
393 1462 448 1512 tam
460 1453 549 1512 breve
561 1470 643 1530 quam
654 1451 773 1512 hominis
784 1453 840 1512 vitu
857 1447 1042 1530 longissima?
1064 1450 1108 1510 dn

100 1554 161 1598 non
181 1535 294 1596 videtur
308 1537 358 1596 tibi
376 1534 454 1595 Nero
470 1535 554 1595 modo
574 1535 658 1597 modo
676 1532 786 1597 luisse?
813 1554 875 1596 cum
892 1537 1002 1596 interim
1021 1538 1108 1595 exiis

63 1631 92 1682 15
102 1623 153 1701 qui
172 1620 225 1679 sub
241 1619 292 1679 illo
310 1629 458 1697 gesserant
476 1619 651 1680 consulatum
668 1637 751 1681 nemo
769 1621 821 1680 iam
839 1627 981 1697 superest.
1007 1618 1151 1692 Quam-12

102 1721 189 1785 quam
208 1703 275 1784 quid
294 1703 350 1762 boc
366 1700 473 1763 miror?
493 1721 584 1782 nuper
601 1702 631 1762 b.
650 1702 735 1782 Piso,
755 1713 837 1782 pater
845 1703 955 1764 Pisonis
973 1701 1048 1763 illius
1061 1704 1109 1781 qui

100 1786 249 1848 aValerio
266 1786 354 1848 Festo
366 1805 420 1867 per
431 1804 566 1847 summum
577 1787 687 1849 facinus
698 1789 726 1847 in
738 1785 835 1848 Africa
854 1789 968 1848 occisus
986 1796 1049 1863 est,
1069 1786 1108 1845 di·

102 1889 176 1932 cere
195 1871 306 1952 solebat
324 1872 464 1930 nemiuem
488 1889 520 1932 se
543 1869 643 1931 videre
661 1874 689 1932 in
707 1882 807 1932 senatu
825 1890 909 1950 quem
928 1870 1028 1933 consul
1045 1872 1109 1950 ipse

102 1957 273 2016 senteutiam
289 1957 459 2032 rogavisset.
483 1954 550 2015 Tam
566 1957 691 2033 angustis
709 1957 835 2016 terminis
850 1962 942 2015 tantas
956 1954 1152 2016 multitud-13

60 2042 146 2100 bonis
166 2040 301 2099 vivacitas
320 2041 380 2117 ipsa
397 2038 589 2115 concluditur,
611 2047 641 2098 ut
652 2039 719 2099 mibi
736 2057 793 2099 non
810 2040 892 2098 venia
903 2038 995 2100 solum
1007 2038 1108 2115 dignae

100 2139 204 2184 verum
216 2125 299 2184 etiam
310 2121 393 2182 laude
404 2122 551 2182 videantur
567 2120 633 2181 illae
650 2123 748 2199 regiae
766 2122 909 2182 lacrimae.
932 2119 1002 2182 Nam
1015 2121 1109 2181 lerunt

99 2206 233 2283 Xerxen,
247 2224 310 2266 cum
322 2208 478 2267 inmensum
490 2207 646 2266 exercitum
658 2205 748 2266 oculis
761 2205 882 2284 obisset,
901 2205 1107 2283 inlacrimasse,
1170 2253 1176 2268 .

101 2289 182 2371 quod
199 2299 242 2351 tot
258 2289 368 2350 milibus
385 2301 441 2351 tam
460 2290 555 2350 breuis
570 2291 727 2350 immineret
740 2307 871 2350 occasus.
894 2288 952 2349 Sed
963 2298 1040 2351 tanto
1051 2307 1108 2349 ma·
1119 2296 1152 2350 14
1175 2297 1282 2344 *ef—*³

102 2377 150 2453 gis
170 2373 227 2435 boc
245 2374 380 2453 quidquid
401 2382 446 2435 est
463 2375 601 2452 temporis
619 2373 707 2434 lutilis
725 2383 753 2433 ct
772 2373 888 2453 caduci,
912 2375 935 2434 si
955 2392 1012 2436 non
1030 2372 1111 2435 datur

62 2466 92 2518 25
103 2459 189 2518 lactis
203 2457 280 2536 (nam
291 2457 391 2518 borum
402 2459 518 2518 materia
529 2461 556 2517 iu
568 2457 658 2518 aliena
675 2458 791 2537 manu),
811 2467 889 2519 certe
902 2456 1001 2518 studiis
1013 2458 1110 2536 prole·

101 2559 209 2620 ramus,
226 2550 254 2601 et
266 2551 403 2642 quatenus
414 2541 498 2602 nobis
510 2541 667 2619 denegatur
677 2541 723 2602 diu
734 2544 844 2618 vivere,
858 2541 1047 2621 relinquamus
1060 2541 1110 2602 ali·

101 2625 172 2706 quid
185 2641 242 2705 quo
258 2643 310 2686 nos
327 2627 435 2686 vixisse
449 2633 595 2686 testemur.
619 2624 687 2686 Scio
699 2635 729 2686 te
741 2624 859 2685 stimulis
870 2643 927 2686 non
939 2644 1043 2704 egere;
1061 2644 1109 2686 me
1119 2632 1165 2687 15

101 2719 199 2770 tamen
216 2711 255 2768 tui
272 2712 373 2769 caritas
392 2717 494 2769 evocat
511 2718 542 2769 ut
561 2719 721 2769 currentem
739 2726 854 2790 quoque
867 2711 1016 2786 instigem,
1036 2711 1109 2770 sicut

102 2803 131 2853 tu
145 2794 226 2853 soles
237 2810 292 2853 me.
312 2783 482 2870 Ἀγαθὴδ’
504 2791 587 2872 ἔρις,
607 2811 671 2853 cum
682 2795 804 2852 invicem
815 2811 846 2853 se
862 2795 965 2852 mutuis
979 2794 1109 2854 exhorta·

63 2878 228 2940 lotionibus
239 2879 320 2937 amici
314 2877 367 2937 ad
384 2893 509 2937 amorem
519 2875 722 2938 inmortalitatis
738 2885 886 2937 exacuunt.
923 2875 1004 2937 Vale.

569 3009 646 3071 vill.
698 3047 701 3054 ·

259 3111 286 3165 o.
305 3109 431 3163 ruinius
447 3111 603 3164 suurooro
621 3111 830 3172 unuuomnno
850 3110 910 3162 suo
929 3109 956 3160 s,

168 3215 252 3278 Facis
271 3234 323 3297 pro
340 3226 436 3277 cetera
454 3216 614 3277 reverentia
627 3234 710 3296 quam
727 3217 793 3276 mihi
814 3224 943 3296 praestas
962 3212 1037 3293 quod
1055 3223 1135 3276 taml

64 3309 94 3364 35
104 3300 231 3362 sollicite
250 3304 324 3380 petis
342 3310 372 3360 ut
389 3302 573 3378 tribunatum,
587 3319 671 3378 quem
683 3319 698 3361 a
709 3298 825 3361 Neratio
836 3297 992 3377 Marcello,
1012 3297 1110 3359 claris·

104 3385 176 3446 simo
187 3388 262 3462 uiro,
274 3386 421 3464 impetravi
433 3384 521 3463 tibi,'
513 3404 540 3444 m
553 3381 740 3444 Caesennium
753 3384 905 3457 Siluanum,
918 3384 1109 3461 propinquum

104 3478 200 3548 tuum,
217 3468 394 3530 transieram.
427 3466 496 3528 blibi
517 3479 610 3529 autem
628 3471 702 3529 sicut
719 3468 977 3529 iucundissimum'
968 3484 1060 3545 ipsum
1077 3474 1133 3526 ten

104 3554 245 3614 tribunum
263 3553 301 3614 ita
317 3569 373 3614 nou
397 3555 487 3614 minus
512 3560 620 3632 gratum
645 3551 729 3612 alium
751 3560 850 3632 perte
867 3549 976 3690 vidpqc.
1003 3547 1106 3624 Neque
