2580 3970
437 211 701 274 PANEGYRIGUS
720 222 763 277 72.
777 222 819 276 73.
833 222 877 276 74.
1103 161 1178 278 285⁵

163 369 326 430 cessitatem
341 369 498 427 servitutis:
514 366 662 444 ecquando
677 365 767 427 simile
783 365 887 444 'aliquid
901 363 1024 428 audisti?
1042 385 1165 449 ecquan-

161 451 198 512 do
219 448 332 512 dixisti?
360 449 447 511 Multa
468 449 581 528 quidem
602 451 747 527 excogitat
767 459 876 528 metus,
903 450 956 512 sed
984 468 1057 530 quae
1078 469 1164 531 appa·

159 544 242 595 reaut
258 536 385 614 quaesita
395 535 432 594 ab
446 535 554 593 inritis:
580 533 655 595 aliud
672 533 887 611 sollicitudinis,
908 532 983 594 aliud
1002 538 1163 596 securitatis

159 619 302 696 ingenium
323 627 381 687 est;
405 617 459 678 alia
481 618 601 678 tristium
623 620 766 695 inventio,
797 617 850 678 alia
871 616 1068 695 gaudentium:
1095 638 1164 680 neu-

134 710 233 764 strum
262 701 455 763 simulationes
485 703 689 780 expresserint.
729 700 840 762 Habent
864 719 916 760 sua
939 701 1029 766 uerba
1055 704 1162 780 miseri,

160 803 210 847 sua
230 785 319 846 rerba
340 785 458 864 ielices,
478 795 566 864 utque
586 787 640 846 iam
658 787 778 845 maxime
799 785 899 845 eadem
918 785 952 844 ab
975 787 1102 864 utrisque
1122 786 1164 846 di·

160 878 274 948 cautor,
294 867 378 930 aliter
395 868 536 930 dicuntur.
568 868 662 930 Testis
684 871 749 948 ipse
770 887 803 930 cs
826 870 948 947 quaein
969 872 1090 930 omnium
1112 887 1162 930 ore
1174 871 1214 936 73

160 952 274 1014 laetitia,
302 950 366 1013 Non
381 954 500 1014 amictus
516 955 662 1032 cuiquam,
684 970 741 1012 uon
755 952 866 1013 babitus
882 971 966 1032 quem
980 952 1064 1014 modo
1082 963 1163 1014 extu·

159 1036 240 1096 ierat.
270 1035 340 1097 Inde
356 1036 522 1098 resultantia
541 1036 662 1098 vocibus
678 1045 774 1114 tecta,
795 1036 921 1116 nihilque
935 1039 1020 1098 tantis
1036 1035 1165 1098 clamori-

119 1121 215 1182 robus
231 1121 299 1180 satis
315 1118 450 1181 clausum.
480 1120 550 1194 Quis
566 1130 633 1181 tunc
648 1135 704 1180 nou
719 1121 875 1198 evestigio
891 1138 943 1180 suo
959 1117 1077 1182 exiluit?
1101 1123 1164 1199 quis

160 1203 296 1265 exiluisse
310 1202 422 1265 sensit?
439 1203 526 1265 Multa
537 1204 658 1266 lecimus
668 1213 783 1282 sponte,
800 1205 882 1283 plura
895 1205 1030 1265 instincto
1044 1205 1164 1283 quodam

159 1297 189 1348 et
203 1288 335 1366 imperio.
359 1287 430 1348 Nam
444 1288 549 1366 gaudio
562 1304 677 1367 quoque
693 1287 816 1365 cogendi
830 1289 874 1348 vis
888 1291 971 1348 inest.
1002 1287 1076 1348 Num
1092 1306 1163 1366 ergo

158 1370 272 1431 modum
287 1373 315 1431 ei
327 1380 375 1431 tua
391 1371 491 1434 saltem
505 1371 644 1433 modestia
659 1367 806 1450 inposuit?
827 1371 909 1449 Non,
925 1381 1028 1451 quanto
1044 1374 1133 1448 magis
1148 1391 1164 1432 a

158 1465 188 1515 te
203 1455 426 1534 reprimebatur,
444 1453 621 1516 exarsimus?
644 1472 702 1515 non
720 1457 912 1532 contumacia,
931 1453 1052 1525 (laesam
1067 1455 1120 1516 sed
1134 1465 1164 1514 ut

119 1551 151 1602 15
161 1541 187 1598 in
202 1548 249 1599 tua
266 1548 412 1618 potestate
425 1550 470 1600 est
485 1559 520 1602 arr
536 1539 724 1618 gaudeamus,
750 1540 788 1600 ita
805 1539 833 1599 irr
848 1547 981 1618 quantum
996 1558 1052 1600 uec
1065 1542 1093 1599 iu
1112 1558 1163 1599 no·

161 1633 226 1683 stra.
247 1620 438 1700 comprobasti
450 1621 479 1684 et
492 1626 556 1703 ipse
567 1623 798 1684 adclamationum
811 1633 969 1684 nostrarum
983 1624 1067 1685 iidem
1080 1623 1164 1684 lacri-

160 1724 266 1766 marum
278 1714 387 1766 tuarum
401 1708 532 1768 veritate.
558 1707 684 1768 Vidimus
698 1717 880 1769 umescentes
897 1707 998 1768 oculos
1012 1717 1095 1784 tuos,
1114 1707 1163 1766 de·

159 1791 333 1869 missumque
344 1791 448 1869 gaudio
461 1791 579 1869 vultum,
593 1801 755 1869 tantumque
767 1793 910 1869 sanguinis
922 1792 950 1850 irr
967 1808 1018 1850 ore
1032 1800 1164 1869 quantum

159 1875 187 1932 irr
202 1875 294 1934 animo
307 1874 435 1953 pudoris.
461 1874 558 1953 Atque
574 1875 631 1935 boc
644 1877 733 1951 magis
750 1875 861 1934 incensi
876 1892 972 1935 sumus
986 1883 1016 1935 ut
1030 1892 1163 1953 precare·

117 1965 221 2017 domur
234 1975 271 2017 ne
292 1958 402 2036 quando
420 1958 471 2017 tibi
488 1975 545 2018 nou
560 1957 660 2018 eadem
678 1974 762 2017 causa
775 1957 968 2034 lacrimarum,
985 1967 1075 2036 utque
1086 1976 1164 2016 num·

160 2057 243 2119 quam
264 2040 385 2102 frontem
406 2051 480 2102 trram
503 2083 583 2101 ....
630 2039 693 2101 Hoc
715 2043 808 2118 ipsum
829 2041 880 2102 has
901 2041 988 2102 sedes
1009 2059 1062 2102 nos
1084 2043 1164 2120 quasi

159 2140 349 2202 responsurae
374 2127 600 2203 interrogemus,
623 2124 780 2200 viderintnc
804 2143 935 2203 umquam
961 2126 1098 2203 principis
1124 2125 1164 2183 la·

160 2209 276 2269 crimes:
309 2218 337 2269 ut
356 2219 470 2270 senatus
492 2227 582 2287 saepe
603 2208 744 2270 viderunt.
760 2207 909 2269 'onerasti
929 2208 1039 2270 iuturus
1062 2210 1165 2286 princi·

160 2310 229 2371 pes,
245 2291 298 2352 sed
312 2303 341 2354 et
352 2301 486 2373 posteros
501 2303 628 2354 nostros.
647 2290 719 2352 Nam
728 2302 757 2352 ct
773 2293 801 2352 hi
815 2311 832 2353 a
846 2293 1020 2372 principibus
1033 2295 1092 2354 suis
1104 2293 1163 2352 exi·

116 2383 151 2437 25
162 2385 232 2453 gsnt
246 2384 278 2435 ut
291 2376 390 2436 cadem
405 2377 501 2437 audire
517 2385 693 2454 mereantur,
708 2384 737 2437 et
751 2375 792 2436 illi
808 2377 885 2456 quod
899 2395 956 2438 non
970 2376 1081 2437 audiant
1094 2375 1164 2436 indi·

159 2459 326 2536 gnabuntur.
352 2459 428 2521 Nihil
444 2463 535 2540 magis
550 2478 669 2541 possum
686 2463 803 2541 proprie
817 2460 914 2524 dicere
931 2479 1015 2540 quarn
1032 2459 1108 2540 quod
1124 2459 1163 2519 di·
1175 2472 1215 2536 74

161 2552 235 2602 ctum
257 2552 302 2604 est
321 2562 337 2603 a
355 2553 459 2605 cuncto
473 2554 589 2623 senatu,
612 2551 643 2605 ‘o
656 2554 685 2605 te
699 2544 843 2605 felicem'!
877 2544 960 2618 Quod
975 2562 1038 2605 cum
1053 2546 1163 2604 dicere·

159 2643 238 2704 mus,
254 2643 311 2687 non
325 2645 396 2708 opes
412 2637 475 2690 tuas
490 2628 543 2690 sed
556 2629 675 2689 animum
690 2629 867 2688 mirabamur.
896 2628 949 2689 Est
964 2631 1038 2689 enim
1053 2627 1164 2687 demum

159 2727 227 2770 vera
241 2710 364 2773 ielicitas
379 2711 516 2773 ielicitate
531 2712 647 2789 dignum
663 2711 764 2771 videri.
799 2711 858 2771 Sed
872 2730 935 2773 curn
949 2711 1036 2771 multa
1050 2711 1100 2770 illo
1117 2710 1164 2770 die

116 2793 234 2856 eodicta
250 2804 314 2856 sunt
329 2796 475 2874 sapienter
497 2804 526 2857 et
542 2798 686 2873 graviter,
707 2804 765 2856 tum
778 2793 825 2855 rel
841 2797 869 2855 irr
885 2797 983 2874 primis
1000 2794 1100 2855 ‘crede
1114 2812 1164 2854 no·

160 2877 222 2954 bis,
247 2879 334 2940 crede
348 2879 420 2939 tibi’.
452 2879 554 2958 Magna
568 2880 624 2940 hoc
643 2879 746 2940 fiducia
758 2880 866 2956 nostri,
893 2881 1003 2940 maiore
1017 2889 1110 2940 tamen
1124 2877 1165 2938 tui

160 2961 288 3023 diximus.
311 2962 392 3023 Alius
407 2964 482 3023 enim
497 2964 620 3024 fortasse
634 2962 736 3039 alium,
751 2964 845 3042 ipsum
858 2982 892 3024 se
905 2981 989 3024 nemo
1003 2962 1163 3040 deceperit.

159 3045 341 3124 introspiciat
356 3045 442 3106 modo
454 3048 554 3125 vitam,
571 3065 661 3126 seque
680 3046 746 3126 quid
761 3045 904 3108 mereatur
913 3049 1081 3124 interroget.
1097 3044 1164 3104 Pro·

159 3127 226 3188 inde
237 3128 322 3190 dabat
334 3129 454 3190 vocibus
468 3133 574 3191 nostris
585 3130 670 3191 fidem
684 3130 758 3211 apud
770 3133 905 3209 optimum
916 3133 1074 3209 principem
1088 3127 1165 3208 qnod

116 3221 151 3275 35
159 3211 234 3291 apud
250 3213 340 3274 malos
357 3213 532 3275 detrahebat.
567 3212 703 3287 Quamvis
717 3217 791 3275 enim
807 3215 966 3276 laceremus
982 3232 1055 3293 quae
1070 3231 1163 3274 aman·

158 3306 205 3356 tes
221 3295 333 3376 solent,
351 3295 394 3357 illi
406 3305 499 3358 tamen
511 3316 569 3358 non
583 3301 668 3358 amari
683 3317 716 3359 se
731 3298 964 3360 credebautsibi.
985 3299 1079 3378 Super
1092 3296 1164 3356 baec

159 3381 271 3458 precati
286 3399 381 3442 sumus
396 3391 427 3442 ut
442 3383 485 3442 sic
498 3390 528 3444 te
540 3391 663 3444 amarent
679 3381 715 3442 dii
729 3381 962 3462 quemadmodum
973 3392 1003 3443 tu
1014 3399 1076 3443 nos.
1094 3379 1164 3454 Quis

159 3462 217 3540 boc
228 3473 276 3524 aut
288 3464 324 3525 de
337 3483 369 3526 se
380 3474 426 3527 aut
439 3467 561 3544 principi
575 3466 684 3528 diceret
696 3464 1008 3528 mediocriter-amanti?
1019 3465 1074 3525 Pro
1082 3464 1165 3525 nobis
