2580 3978
387 266 650 329 EPISTULARUM
665 265 702 328 II.
726 280 768 332 12.
1039 269 1080 334 33

75 421 194 483 Gomuti
213 423 382 482 sententiam
399 423 445 481 ire
468 423 635 500 coeperunt.
667 420 738 480 'lum
758 421 799 480 illi
821 423 918 501 quise
939 421 1079 502 Collegae

75 505 253 566 adnumerari
267 505 445 583 patiebantur
465 507 493 564 in
510 505 653 566 diversum
667 506 854 584 transierunt,
881 503 1002 585 Collega
1017 525 1081 568 oum

75 590 176 668 paucis
190 587 320 650 relictus.
342 587 460 650 liultum
471 597 573 668 postea
584 589 620 649 de
630 588 822 668 impulsoribus
836 591 906 667 suis,
923 592 1080 670 praecipue

75 674 111 734 de
126 671 255 750 Regulo,
269 682 388 751 questus
403 683 459 749 est,
476 673 567 751 quise
582 674 610 731 in
626 675 765 734 sententia
778 691 860 752 quarn
874 676 938 752 ipse
954 673 1080 734 dictare·

50 767 115 818 5rat
137 756 324 818 deseruisset.
354 755 408 818 Est
428 755 533 834 alioqui
554 755 669 834 Regulo
686 767 742 818 tam
761 757 866 818 mobile
887 759 1030 836 ingenium
1050 767 1080 819 ut

74 840 225 920 plurimum
239 839 357 917 audeat,
380 839 528 919 plurimum
548 841 654 902 tImeat.
688 840 741 902 llic
757 841 820 901 bnis
837 843 1007 918 cognitionis
1023 853 1122 908 ambi

73 924 230 1004 piissimae.
261 923 400 1003 Superest
421 932 514 984 tamea
530 917 741 1003 λειτούργιον
760 942 817 986 non
837 923 921 1003 lere,
943 925 1080 988 Hostilius

74 1008 231 1086 Firminus,
252 1007 365 1086 legatus
382 1005 452 1066 llari
472 1007 578 1085 Pulsci,
604 1009 651 1087 qui
665 1009 822 1088 permixtus
839 1027 941 1070 causae
956 1013 1082 1087 graviter

73 1092 318 1171 vehementerque
330 1098 450 1152 vexatus
460 1100 515 1152 est.
534 1089 605 1150 Nam
620 1101 649 1152 et
661 1093 816 1154 rationibus
830 1092 964 1154 biarciani
979 1104 1009 1154 et
1019 1112 1081 1155 ser·

35 1191 160 1244 lomene
175 1193 261 1253 quem
278 1174 327 1235 ille
346 1175 483 1236 habuerat
493 1177 521 1234 in
533 1174 631 1236 ordine
642 1175 852 1255 Leptitanorum
868 1195 984 1256 operans
1003 1197 1082 1240 suam

75 1259 175 1320 Prisco
189 1259 226 1318 ad
240 1260 432 1338 turpissimum
446 1260 630 1319 ministerium
648 1259 856 1337 commodasse,
873 1260 1080 1340 stipulatusque

74 1343 110 1403 de
133 1342 278 1403 Marciano
295 1343 494 1424 quinquagInta
510 1341 585 1401 milia
608 1342 785 1403 denariorum
800 1343 989 1422 probabatur,
1016 1347 1080 1422 ipse

74 1435 226 1506 praeterea
246 1427 397 1505 accepisse
415 1427 547 1486 sestertia
568 1425 670 1486 decem
683 1427 768 1505 milia,
784 1426 950 1488 foedissimo
968 1428 1082 1506 quidem

72 1510 175 1588 titulo,
198 1512 312 1570 nemine
333 1511 530 1586 unguentarii,
552 1510 598 1587 qni
620 1509 718 1572 titulus
734 1529 751 1571 a
765 1513 823 1571 vita
836 1510 957 1572 bominis
975 1513 1081 1591 compti

35 1605 64 1656 lt
74 1612 193 1672 semper
207 1603 237 1654 ct
253 1595 387 1672 pumicati
402 1611 458 1655 non
473 1592 652 1655 abhorrebat.
675 1593 783 1656 Placuit
800 1603 938 1656 censente
954 1593 1124 1659 Uomutcbl

71 1679 177 1740 referri
190 1676 230 1738 sle
247 1696 284 1739 eo
301 1679 430 1756 proxImo
448 1685 563 1737 senatu:
580 1685 648 1739 tuno
661 1680 748 1756 enim,
766 1696 834 1739 casu
846 1697 880 1739 an
892 1681 1079 1757 conscientia,

71 1763 194 1824 arceat.
217 1760 312 1824 lIabes
323 1779 371 1820 res
388 1762 523 1829 urbanas;
546 1761 669 1825 invicem
683 1765 804 1824 roeticas
821 1763 932 1823 scribe:
953 1763 1020 1842 quid
1036 1774 1123 1826 amit

72 1845 215 1908 barcalae
231 1853 307 1922 tuae,
327 1844 394 1924 quid
409 1846 521 1921 vineae,
538 1844 605 1922 qnid
620 1854 740 1924 segetes
754 1855 853 1925 agunt,
866 1845 934 1924 quid
949 1864 1020 1908 ones
1032 1846 1081 1906 de·

71 1925 278 1992 beatissimae?
298 1927 330 1990 ln
351 1946 473 2003 summa,
495 1929 549 1988 nisi
570 1946 662 2008 acque
678 1929 792 2008 longam
806 1929 958 2009 epIstulanr
971 1929 1080 2007 reddis,

32 2020 130 2076 toron
144 2023 193 2076 est
207 2011 283 2092 quod
298 2022 399 2091 postea
413 2013 466 2073 nisi
482 2012 676 2073 brevissimam
691 2023 840 2093 expectes.
872 2011 953 2073 Vale,

128 2181 270 2284 Ν
350 2244 375 2296 G.
397 2243 522 2296 PLINIUS
539 2143 684 2296 IUUIANO
704 2242 764 2295 SUO
783 2241 808 2294 S.

137 2339 363 2424 Astrodppeou
389 2345 460 2408 illud
484 2347 561 2425 quod
588 2364 745 2425 superesse
772 2344 843 2407 llari
865 2345 955 2407 Prisci
979 2362 1105 2416 causae]

32 2433 207 2512 reproxime
228 2431 416 2511 scripseram,
436 2432 536 2492 nescio
556 2449 590 2490 an
610 2432 696 2508 satis,
719 2431 917 2492 circumclaum
937 2440 1031 2491 tamen
1053 2439 1082 2491 et

73 2516 207 2578 adrasum
229 2523 284 2576 est
320 2513 457 2576 Firminus
472 2513 603 2575 inductus
621 2517 650 2574 in
665 2525 792 2576 senatum
810 2513 959 2593 respondit
975 2515 1107 2581 criminis

73 2609 155 2662 noto.
188 2599 314 2660 Secutae
335 2609 400 2660 sunt
419 2597 550 2660 diuersae
571 2600 729 2660 sentcntiae
752 2597 900 2659 consulum
921 2597 1083 2676 designato·

73 2703 152 2746 rum:
182 2679 325 2744 Cornutus
343 2681 486 2744 Tertullus
507 2684 618 2744 censuit
639 2683 738 2743 ordine
759 2684 945 2760 monendum,
963 2681 1082 2742 Acutius

73 2767 220 2828 Nervam
240 2768 390 2828 sortitione
411 2768 576 2846 protinciae
596 2769 733 2828 rationem
755 2769 817 2827 eius
838 2784 894 2826 non
915 2765 1080 2826 habendam.

34 2865 66 2920 30
75 2852 158 2926 Quae
173 2853 315 2914 sententia
329 2859 467 2930 tamquam
481 2853 574 2912 mitior
588 2853 667 2929 vicit,
686 2869 750 2911 cum
764 2851 800 2910 sit
811 2849 916 2929 alioqui
930 2849 1025 2910 dorlon
1034 2851 1082 2910 tri·

74 2937 216 3014 stiorque.
241 2933 315 3008 Quid
329 2937 404 2996 enim
420 2937 549 2996 miserius
566 2953 648 3013 quam
663 2942 795 2995 exectum
811 2944 840 2995 et
855 2943 1017 3012 exemptum
1030 2933 1107 2999 bob

73 3019 195 3080 neribus
211 3021 360 3080 senatoriis
374 3018 473 3080 labore
489 3029 518 3080 et
534 3017 665 3080 molestia
678 3035 734 3078 non
750 3015 871 3088 carere?
887 3019 954 3097 quid
968 3020 1088 3096 gravius

74 3121 162 3182 quam
176 3111 252 3164 tanta
262 3104 415 3180 ignominia
431 3102 573 3164 adiectum
587 3104 685 3163 nonin
703 3102 855 3164 solitudine
869 3101 972 3180 latere,
988 3102 1040 3162 sed
1055 3103 1083 3161 ln

73 3187 131 3248 bac
145 3185 283 3248 altissima
296 3186 416 3266 specula
429 3186 661 3265 conspiciendum
677 3206 710 3248 se
722 3186 988 3266 monstrandumque
999 3203 1082 3264 prae-

35 3265 170 3334 tobere?
194 3269 348 3332 Praeterea
364 3271 430 3350 quid
450 3270 566 3350 publice
586 3272 676 3332 minus
693 3280 740 3331 aut
757 3288 918 3348 congruens
932 3279 979 3331 aut
995 3269 1109 3342 deoc-4

74 3373 156 3434 ran,
171 3363 298 3416 notmum
312 3373 328 3415 a
343 3365 443 3416 senatu
458 3357 487 3415 io
500 3365 599 3416 senatu
616 3354 719 3416 sedere
734 3357 863 3433 ipsisque
879 3353 934 3414 illis
949 3372 965 3414 a
980 3353 1082 3432 quibus

75 3441 114 3500 sit
128 3447 245 3501 notatus
262 3441 377 3518 aequari
388 3448 418 3500 et
432 3449 599 3501 summotum
611 3458 626 3499 a
639 3438 854 3519 proconsulatu,
873 3440 937 3517 quia
950 3455 984 3498 se
998 3438 1027 3496 in
1041 3435 1082 3496 le·

74 3523 194 3602 gaticne
220 3526 342 3603 turpiter
362 3534 510 3603 gesserat,
538 3523 573 3586 de
594 3523 814 3603 proconsulibus
829 3521 955 3664 iudio3are
972 3520 1081 3580 damna·

118 3611 194 3666 Purnr
210 3611 260 3666 Er.
