2580 3970
146 249 208 314 2³0
446 244 477 310 O.
501 243 598 306 PLlNl
618 243 667 304 ΕΤ
688 241 845 304 ΤΒΑΙΑΝΙ
916 269 920 278 ·

145 403 203 463 tiae
217 410 283 461 tuae
299 397 413 476 legibus
433 397 492 458 suis
511 399 606 460 utitur.
636 395 669 456 ln
687 396 741 456 hae
765 397 858 458 datum
876 395 944 458 milui
961 393 1089 455 libellum
1110 393 1147 456 ad

147 501 247 545 aranos
258 484 448 563 pertinentem
458 481 502 544 his
511 480 614 542 litteris
623 479 745 557 subieci,
756 489 787 540 ut
795 490 837 558 tn,
847 480 972 556 domine,
985 477 1146 558 dispiceres

147 567 213 646 quid
230 576 260 627 et
277 575 414 646 quatenus
431 573 478 626 aut
492 563 710 644 permittendum
729 572 776 623 aut
796 564 1001 642 prohibendum
1017 570 1144 640 putares.

511 694 614 758 xum.
632 693 772 774 proriis]

482 793 646 847 TRAIANUS
661 794 767 846 PLINIO
784 793 810 848 S.

208 898 372 976 Amisenos,
386 914 505 976 quorum
517 894 645 957 libellum
659 895 800 974 epistulae
814 904 879 957 tuae
897 897 1046 972 inureres,
1063 895 1088 954 si
1103 892 1146 952 le·

147 982 232 1061 gibus
247 983 381 1058 istorum,
404 981 505 1059 quibus
528 979 563 1040 de
579 979 675 1040 oiiioio
689 978 816 1040 foederis
834 988 958 1055 utuntur,
975 993 1148 1038 eoncessum

148 1075 193 1128 est
215 1083 329 1128 eranum
343 1063 467 1140 habere,
489 1081 641 1141 possumus
661 1079 718 1141 quo
739 1063 829 1122 minus
849 1062 970 1122 habeant
988 1078 1045 1121 non
1065 1060 1148 1139 inpe-

148 1148 219 1227 dire,
236 1165 272 1209 eo
286 1147 408 1226 iaeilius,
425 1148 448 1207 si
463 1146 511 1208 tali
527 1146 688 1207 conlatione
701 1163 757 1205 non
771 1145 806 1205 ad
818 1146 914 1206 turbas
929 1154 958 1205 et
972 1143 1007 1204 ad
1021 1142 1147 1204 inlieitos
1156 1156 1192 1209 lc
1277 1179 1278 1212 l

148 1241 249 1293 ooetns
263 1229 363 1292 sedad
377 1230 567 1293 sustinendam
581 1231 739 1290 tenuiorum
753 1229 876 1307 inopiam
896 1235 1018 1288 utuntur.
1050 1224 1082 1286 In
1098 1245 1147 1288 ee·
1277 1229 1278 1232 ’

147 1316 216 1376 teris
233 1315 411 1393 civitatibus,
433 1332 505 1393 quae
519 1321 618 1374 nostro
638 1315 699 1374 inre
714 1312 869 1373 obstrietae
884 1320 964 1389 sunt,
984 1327 1033 1371 res
1048 1309 1146 1370 huius·

145 1397 220 1457 modi
234 1396 408 1477 prohibenda
423 1407 476 1458 est.

520 1526 638 1590 xcnn.
660 1526 769 1609 [neu]
1156 1569 1190 1622 15

368 1627 395 1681 G.
413 1626 537 1678 PLINIUS
556 1627 699 1680 TRAIANO
716 1627 922 1679 IMPERATORI.

121 1743 137 1793 1
210 1727 374 1789 Suetonium
388 1725 596 1806 Tranquillum,
617 1727 817 1807 probissimum
836 1725 1068 1802 honestissimum
1082 1743 1146 1786 eru·

147 1811 311 1874 ditissimum
325 1813 431 1888 vuum,
447 1820 477 1871 et
489 1827 584 1873 mores
598 1813 660 1872 eius
673 1822 791 1873 seeutus
807 1819 836 1872 et
850 1809 943 1872 studia
956 1812 1011 1870 iam
1024 1808 1144 1888 pridem,

147 1896 276 1972 domine,
303 1894 332 1954 in
354 1894 568 1956 contubernium
588 1894 732 1974 adsumpsi
753 1904 890 1974 tantoque
912 1893 1002 1971 magis
1024 1891 1145 1969 diligere

120 1981 243 2059 teoepi,
260 1988 362 2056 quanto
379 1977 455 2038 hune
469 1980 588 2058 propius
603 1979 725 2059 inspexi.
747 1977 820 2039 linio
834 1980 879 2040 ius
893 1978 976 2038 trium
990 1976 1189 2039 liberor-unm

145 2063 338 2124 necessarium
352 2061 457 2127 laoiunt
469 2061 540 2122 duae
555 2080 673 2124 causae:
689 2079 752 2122 nam
764 2072 793 2123 et
803 2060 905 2122 iudieia
914 2063 1067 2123 amioorum
1078 2075 1145 2138 pro·

145 2156 270 2207 meretur
284 2155 314 2206 at
325 2163 422 2224 parurn
437 2143 507 2206 felix
520 2145 722 2206 matrimonium
734 2155 870 2224 expertus
881 2153 927 2206 est
936 2142 1145 2222 inpetrandam-

135 2247 203 2314 ⁸que
217 2247 233 2292 a
254 2229 379 2290 bonitate
394 2237 440 2289 tua
461 2246 514 2307 per
527 2246 580 2289 nos
593 2228 679 2288 habet
694 2228 771 2306 quod
785 2227 827 2288 illi
840 2228 970 2289 fortunae
984 2227 1144 2305 malignitas

120 2311 307 2390 3denegavit.
329 2311 407 2388 Soio,
422 2311 545 2388 domine,
556 2321 693 2391 *quantun
708 2311 877 2374 beneficium
887 2321 993 2390 petam,
1009 2310 1064 2372 sed
1074 2319 1144 2388 peto

145 2403 222 2473 ate,
245 2395 324 2455 euius
339 2395 368 2452 in
383 2393 511 2454 omnibus
532 2393 680 2456 desideriis
699 2395 770 2454 meis
784 2394 985 2472 indulgentiam
999 2395 1142 2472 experior.
1153 2397 1187 2448 to

145 2477 232 2538 Potes
247 2479 321 2538 enim
335 2475 485 2554 colligere,
501 2485 604 2554 quanto
620 2493 710 2554 opere
724 2478 847 2556 cupiam,
863 2477 939 2558 quod
948 2495 1005 2538 non
1013 2495 1145 2556 rogarem

145 2561 261 2638 absens,
276 2562 301 2622 si
315 2560 498 2622 mediocriter
513 2577 657 2638 euperem.

525 2690 612 2754 nou.
634 2690 757 2772 [noun]

477 2789 640 2844 TRAIANUS
659 2792 765 2846 PLtttto
783 2791 809 2842 S.
1152 2821 1188 2876 30

208 2892 298 2967 Quam
320 2912 407 2973 parea
428 2893 500 2955 haee
518 2893 658 2955 henefleia
678 2895 797 2962 tribuam
813 2895 928 2973 utique,
952 2893 989 2955 mi
1010 2891 1144 2953 Secunde

145 2975 307 3056 carissime,
328 2977 427 3038 haeret
448 2979 517 3056 tihi,
541 2995 604 3038 eum
619 2979 704 3039 etiam
717 2979 746 3040 ln
761 2986 860 3041 senatu
875 2975 1020 3038 adfirmare
1034 2975 1145 3037 soleam

144 3078 202 3121 non
218 3062 383 3122 excessisse
397 3079 443 3120 me
454 3078 598 3122 numerum
613 3079 698 3141 quem
711 3062 787 3143 apud
801 3059 1002 3141 amplissimum
1017 3059 1144 3120 ordinem

145 3145 330 3207 suffecturum
348 3144 415 3204 milri
438 3145 588 3224 professus
608 3165 684 3206 sum:
714 3155 764 3207 too
790 3154 883 3205 tamen
907 3143 1051 3204 desiderio
1077 3144 1144 3205 sub·

143 3230 247 3307 seripsi
267 3238 297 3290 et
311 3227 425 3290 dedisse
439 3247 485 3290 me
504 3228 549 3290 ius
563 3229 645 3290 trium
659 3229 813 3290 liberorum
826 3227 964 3289 Suetonio
979 3225 1141 3306 Tranquillo
1150 3236 1184 3292 δί

144 3331 179 3374 ea
193 3311 354 3374 conditione
368 3331 422 3392 qua
436 3312 553 3374 adsuevi
568 3313 669 3374 referri
685 3315 714 3374 in
735 3313 952 3375 commentarios
966 3327 1048 3372 meos
1062 3312 1143 3373 iussi.
