2580 3970
186 291 250 356 tto
610 290 644 352 C.
666 289 763 352 PblNI

189 461 360 524 promovere
385 444 491 523 vellet,
517 444 583 525 quia
601 445 698 505 mutati
717 442 824 505 saeculi
844 443 954 520 siguum
974 453 1002 504 et
1023 443 1078 502 boc
1099 453 1194 521 esset,

188 527 265 609 quod
277 528 413 590 florerent
426 545 546 607 quorum
558 529 745 607 praecipuum
757 535 854 588 votum
864 535 929 587 aute
941 525 1033 588 iuerat
1044 536 1075 586 ut
1085 543 1195 587 memo·

134 605 175 670 91
189 614 247 673 riae
265 613 401 690 principis
423 612 612 673 elaberentur.
644 609 775 670 Nondum
792 611 935 671 biennium
956 609 1195 688 conpleveramus

187 697 215 755 in
229 696 326 756 cilicio
338 695 561 757 laboriosissimo
577 705 605 756 et
616 697 749 772 maximo,
765 711 828 753 cum
845 701 874 753 ιι
887 693 980 770 nobis,
995 695 1103 771 optime
1116 695 1195 772 priu-

188 782 299 857 cipum,
327 780 482 840 lortissime
502 780 718 858 imperatorum,
746 777 921 838 consulatum
939 777 1081 854 obtulisti,
1108 785 1139 837 ut
1158 777 1224 838 adt

188 880 324 922 summum
336 862 475 925 honorem
485 862 576 940 gloria
591 861 746 923 celeritatis
757 860 919 922 accederet.
943 858 1061 921 Tantum
1074 861 1151 922 inter
1164 869 1195 921 te

188 955 218 1008 ιι
232 945 296 1007 Illos
319 947 465 1025 principes
479 948 599 1007 interest
616 947 664 1024 qui
680 946 829 1006 beneiiciis
843 947 902 1005 suis
918 943 1196 1004 commendationem

188 1047 225 1090 ex
244 1028 410 1091 difficultate
432 1030 599 1108 captabant,
620 1031 818 1107 gratioresque
838 1027 1045 1106 accipientibus
1066 1027 1196 1087 bonores

186 1113 407 1190 arbitrabuntur,
424 1115 448 1174 si
460 1115 538 1192 prius
550 1112 616 1174 illos
628 1114 791 1192 desperatio
806 1121 835 1172 et
849 1112 972 1172 taedium
987 1121 1017 1172 ιι
1032 1110 1131 1172 similis
1145 1128 1196 1169 re·

186 1195 287 1275 pulsae
302 1215 380 1258 mora
396 1198 425 1256 iu
440 1205 535 1257 ιοιιιιι
550 1196 686 1276 quandam
700 1196 895 1276 pudoremque
908 1197 1073 1256 vertissent.
1090 1192 1195 1255 Obstat
1206 1205 1237 1256 ιο

185 1280 357 1341 verecundia
371 1298 428 1360 quo
443 1282 534 1341 minus
547 1298 769 1360 percenseamus
782 1298 838 1359 quo
850 1289 1000 1362 utrumque
1011 1287 1139 1339 nostrum
1150 1286 1197 1337 te-

186 1365 318 1425 stimonio
332 1366 456 1442 ornaris,
472 1373 503 1424 ut
516 1382 611 1425 amore
622 1365 712 1441 recti,
726 1379 822 1423 amore
839 1363 1028 1443 reipublicae
1043 1363 1147 1440 priscis
1159 1360 1196 1420 il·

186 1446 222 1508 lis
239 1447 405 1509 consulibus
420 1450 596 1527 aequaveris.
623 1446 726 1508 lierito
746 1465 801 1508 uec
815 1466 869 1522 ue,
893 1455 1019 1507 neutram
1033 1447 1062 1505 iu
1082 1454 1196 1525 partem

188 1530 345 1591 decernere
360 1532 529 1610 audeamus,
557 1533 623 1611 qnia
637 1549 692 1592 uec
708 1531 750 1592 ias
767 1540 812 1592 est
825 1529 1010 1591 adfirmationi
1025 1538 1091 1589 tuac
1107 1528 1195 1589 dero-

186 1631 256 1691 gare
274 1623 304 1674 et
319 1632 470 1675 onerosum
486 1616 615 1676 conliteri
630 1632 699 1674 vera
714 1632 781 1675 esse
797 1631 868 1693 quae
885 1613 1036 1690 danobis,
1060 1623 1236 1690 praescr-15

185 1699 234 1756 tim
249 1706 305 1757 tam
319 1699 484 1776 magnilica,
500 1699 603 1759 dixisti.
624 1696 666 1757 Tu
681 1708 774 1757 tamen
789 1697 890 1775 diguus
908 1713 941 1756 es
958 1698 1006 1776 qui
1020 1713 1072 1756 eos
1089 1713 1195 1756 cousu-

186 1780 230 1840 les
241 1779 328 1841 iacias
340 1781 376 1841 de
385 1783 487 1862 quibus
496 1784 549 1843 ista
560 1782 655 1860 possis
664 1780 840 1860 praedicare.
852 1779 970 1841 Tribuas
979 1782 1102 1857 veniam,
1115 1781 1195 1857 quod

186 1865 260 1924 inter
275 1865 346 1926 haec
364 1865 503 1926 beuelicia
517 1874 564 1925 tua
578 1866 767 1942 gratissimum
777 1873 823 1925 est
835 1865 918 1925 nobis
933 1864 1010 1944 quod
1024 1880 1077 1924 uos
1093 1881 1195 1924 rursus
1272 1917 1273 1920 ,

187 1947 316 2026 collegas
338 1967 405 2010 esse
421 1947 546 2010 voluisti.
572 1947 614 2008 Ita
630 1949 729 2009 caritas
743 1957 855 2025 mutua,
877 1949 915 2008 ita
933 1965 1095 2025 congruens
1108 1956 1194 2007 tenor
1272 1934 1273 1959 ¹

185 2033 277 2108 uitae,
304 2032 342 2092 ita
365 2049 418 2092 una
441 2031 599 2111 eademque
614 2034 685 2092 ratio
700 2033 840 2110 propositi
855 2030 1034 2109 postulabat,
1060 2032 1142 2091 cuius
1156 2039 1237 2092 cato

185 2115 229 2175 vis
244 2125 274 2176 ut
288 2132 397 2176 morum
411 2114 563 2176 similitudo
576 2115 746 2176 concordiae
761 2124 875 2175 nostrae
887 2114 1006 2192 gloriam
1019 2117 1141 2190 minuat,
1156 2131 1193 2174 ac

186 2197 304 2277 perinde
319 2199 356 2259 sit
369 2201 484 2276 mirum,
501 2202 525 2260 si
543 2199 615 2260 alter
629 2209 755 2259 nocuum
771 2217 786 2258 a
801 2198 932 2277 collega,
955 2217 989 2259 ac
1005 2201 1029 2258 si
1043 2216 1060 2258 a
1076 2216 1108 2259 se
1126 2200 1192 2277 ipse
1271 2223 1272 2236 ι

187 2280 341 2345 dissentiat.
363 2281 428 2342 Nou
442 2299 513 2361 ergo
527 2285 727 2362 temporarium
741 2292 770 2342 ιι
784 2283 906 2343 subitum
920 2291 966 2344 est
980 2281 1056 2360 quod
1070 2291 1192 2360 uterque
1271 2321 1272 2345 ;

187 2364 319 2444 collegae
336 2366 483 2426 consulatu
497 2374 638 2445 tamquam
653 2368 754 2426 iterum
775 2383 828 2426 suo
848 2365 967 2444 gaudet;
987 2367 1041 2426 nisi
1058 2364 1135 2443 quod
1151 2373 1192 2424 ta-

185 2465 251 2508 men
272 2448 319 2527 qni
333 2465 430 2508 rursus
446 2448 581 2509 consules
598 2449 666 2508 liunt
679 2449 724 2510 bis
740 2448 869 2527 quidem,
891 2448 943 2509 sed
957 2449 1134 2528 temporibus
1148 2448 1235 2508 ιιι-ιι

185 2532 279 2592 uersis
293 2527 470 2609 obligantur,
486 2547 539 2591 nos
552 2531 625 2592 duos
637 2531 803 2594 consulatus
820 2535 976 2611 accipimus
991 2530 1090 2609 simul,
1108 2532 1192 2593 simul

186 2618 328 2693 gerimus,
350 2615 480 2693 alterque
501 2617 530 2674 in
545 2615 638 2676 altero
654 2615 771 2694 consul,
793 2617 846 2676 sed
861 2618 961 2678 iterum
976 2625 1005 2677 ιι
1021 2617 1129 2694 pariter
1143 2633 1192 2675 su·

132 2699 176 2762 92
187 2717 257 2760 mus.
287 2697 361 2760 illud
380 2716 451 2760 uero
471 2716 553 2778 quam
574 2700 703 2777 insigne,
721 2699 797 2777 quod
810 2699 893 2761 uobis
907 2698 1063 2779 praelectis
1081 2700 1191 2760 aerario

187 2781 362 2844 consulatum
377 2793 441 2843 aute
455 2801 539 2863 quam
553 2801 753 2845 successorem
771 2782 888 2844 dedisti!
902 2783 995 2846 Aucta
1010 2792 1056 2844 est
1069 2781 1191 2860 dignitas

187 2866 331 2943 dignitate,
342 2883 399 2926 uec
412 2869 588 2928 continuatus
600 2867 927 2945 tautumsedgeminatus
941 2876 986 2928 est
994 2866 1086 2928 bonor
1094 2868 1191 2928 finem·
1199 2872 1235 2926 30

187 2967 243 3028 que
257 2951 408 3028 potestatis
422 2949 554 3028 alterius,
574 2960 714 3030 tamquam
730 2968 827 3030 parum
841 2960 920 3012 esset
935 2951 1090 3029 excipere,
1107 2967 1190 3028 prae·
1269 2969 1270 2990 ι

186 3033 275 3092 venit.
298 3028 384 3092 Tanta
398 3033 449 3093 tibi
463 3035 633 3112 integritatis
646 3044 763 3095 normae
777 3035 880 3095 liducia
895 3035 947 3094 luit
964 3044 1064 3094 utnon
1079 3033 1191 3094 dubita·-

185 3133 234 3176 res
249 3123 278 3174 te
294 3113 372 3176 salva
386 3115 551 3194 diligentiae
566 3128 632 3179 tuae
647 3120 756 3178 ratione
771 3118 927 3196 lecturum,
945 3119 970 3179 si
983 3135 1036 3178 nos
1052 3127 1119 3196 post
1133 3133 1191 3176 ma·

186 3201 290 3260 murum
306 3197 430 3260 oiiicium
443 3202 568 3278 privatos
583 3219 650 3262 esre
663 3217 720 3261 nou
731 3203 851 3264 sineres.
875 3201 960 3280 Quid,
976 3201 1053 3280 quod
1068 3199 1190 3262 eundem

160 3355 164 3363 ⁴
186 3301 215 3344 m
232 3299 333 3343 annum
353 3284 529 3344 consulatum
546 3291 673 3346 nostmm
694 3283 861 3347 contulisti?
895 3284 975 3363 Ergo
995 3301 1052 3345 uon
1066 3284 1121 3346 ulia
1135 3291 1233 3346 uos35

185 3368 289 3445 pagiua
300 3385 383 3445 quam
395 3378 424 3429 tc
439 3366 586 3429 consulem
598 3369 733 3447 accipiet,
745 3377 775 3428 et
787 3379 1006 3448 nostraquoque
1016 3370 1129 3430 nomina
1140 3367 1189 3427 ad·

186 3450 288 3510 deutur
298 3449 379 3513 lastis
391 3453 493 3530 quibus
506 3453 570 3531 ipse
579 3453 794 3531 praescriberis.
809 3450 852 3512 l'u
860 3454 982 3514 comitiis
989 3454 1094 3513 nostris
1106 3467 1190 3530 prae·

185 3533 291 3612 sidere,
309 3541 338 3593 tu
354 3535 436 3594 uobis
452 3537 658 3597 sanctissimum
668 3535 738 3596 illud
749 3553 862 3598 carmen
875 3538 988 3616 praeire
1000 3535 1131 3613 diguatus
1141 3551 1188 3614 es,
