2580 3978
612 276 644 338 G,
667 276 763 338 PLINI

1281 307 1282 342 1

1281 345 1282 380 1

657 429 719 491 ιιι.

460 529 486 580 o.
505 529 630 581 surmus
647 527 791 580 uuomuo
811 527 870 580 suo
890 528 917 582 s,

161 659 175 711 1
248 645 324 709 Here
339 666 355 709 a
369 657 468 710 senatu
482 648 626 709 Vestricio
642 649 799 728 Spurinnae
815 649 944 729 principe
959 659 1076 709 auctore
1094 648 1194 708 trium·
1281 639 1282 726 1

185 731 277 811 phalis
294 741 386 794 statua
406 731 524 793 decreta
543 741 605 810 est,
630 751 687 793 non
706 736 744 794 ita
767 743 797 794 ut
817 731 912 793 multis
930 733 977 810 qui
998 750 1148 812 numquam
1163 737 1191 793 iu
1281 741 1282 790 1

185 816 247 876 acie
268 825 424 894 steterunt,
446 833 595 893 numquam
619 827 712 878 castra
733 816 880 894 viderunt,
903 834 1052 896 numquam
1067 818 1216 898 deniques
1281 831 1282 894 1

184 900 313 959 tubarum
328 915 428 961 sonum
444 901 498 960 uisi
513 902 542 959 iu
557 901 732 979 spectaculis
746 900 905 978 andierunt,
923 917 1021 959 verum
1031 908 1061 960 ut
1073 899 1130 962 illis
1144 903 1192 980 qui
1281 907 1282 972 1

159 981 273 1045 2ι1θοιιε
288 983 366 1044 istud
380 982 485 1044 sudore
502 992 531 1043 et
544 986 681 1062 sauguine
697 993 726 1044 et
743 984 828 1045 lactis
848 983 1086 1062 adsequebantur.
1119 983 1191 1045 Nam
1281 975 1282 1050 1

184 1066 323 1143 Spurinna
338 1067 505 1150 Bructerum
516 1084 617 1144 regem
628 1069 657 1127 vi
669 1077 698 1128 ct
708 1069 791 1128 armis
803 1066 911 1127 induxit
923 1069 951 1127 in
962 1085 1081 1144 regnum
1094 1077 1190 1129 osten·
1281 1053 1282 1144 1

183 1157 299 1228 tatoque
321 1150 400 1212 bello
418 1150 625 1211 ferocissimam
645 1160 779 1229 gentem,
807 1151 883 1229 quod
904 1159 948 1211 est
968 1150 1190 1230 pulcherrimum
1281 1159 1282 1216 1

157 1234 320 1296 auctorne
341 1253 452 1312 genus,
474 1244 583 1294 terrore
605 1234 774 1313 perdomnit.
808 1233 846 1295 ldt
868 1233 924 1294 hoc
946 1234 1060 1313 quidem
1076 1238 1188 1297 virtutis
1199 1257 1231 1308 10
1281 1235 1282 1292 1

183 1319 348 1397 praemium,
363 1317 433 1379 illud
450 1317 587 1381 solacium
601 1318 709 1379 doloris
725 1319 856 1395 accepit,
876 1316 953 1397 quod
968 1317 1026 1379 filio
1041 1319 1103 1380 eius
1121 1317 1189 1380 Got-
1281 1307 1282 1374 l

182 1403 233 1476 tio,
250 1419 335 1480 quem
346 1405 439 1464 amisit
453 1401 577 1480 absens,
597 1402 709 1463 habitus
724 1410 769 1462 est
784 1401 875 1462 bonor
890 1410 1009 1462 statuae.
1042 1401 1146 1462 llamm
1161 1404 1189 1464 id
1281 1393 1282 1424 ¹

182 1486 210 1543 iu
225 1485 344 1546 iuvene:
364 1486 417 1547 sed
431 1497 513 1565 pater
527 1486 584 1546 hoc
600 1504 714 1565 quoque
729 1486 902 1563 merebatur,
919 1487 999 1546 euius
1019 1488 1188 1563 gravissimo

159 1566 293 1631 avulaeri
307 1587 409 1647 magno
423 1569 518 1649 aliquo
534 1570 660 1630 fomento
680 1568 849 1629 medendum
863 1568 925 1630 fuit.
954 1567 1105 1631 Praeterea
1120 1568 1188 1632 θοι·
1281 1575 1282 1642 1

182 1653 237 1712 tius
252 1653 316 1732 ipse
331 1663 387 1715 tara
403 1653 509 1713 clarum
524 1655 672 1732 specimen
685 1652 788 1714 indolis
806 1652 922 1714 dederat
933 1661 964 1713 ut
977 1655 1035 1713 vita
1049 1657 1112 1715 eius
1124 1655 1229 1721 bre-15

182 1738 226 1796 vis
243 1745 273 1796 et
293 1746 412 1815 angusta
429 1737 560 1798 debuerit
574 1736 628 1797 hac
643 1737 723 1798 velut
739 1736 938 1798 inmortalitate
953 1737 1085 1816 proferri.
1116 1736 1189 1800 Nam

182 1829 257 1881 tauta
271 1822 298 1882 ei
318 1822 470 1899 sauctitas,
487 1823 627 1900 gravitas,
652 1823 805 1882 auctoritas
821 1823 920 1899 etiam,
938 1831 967 1882 nt
984 1831 1085 1900 posset
1101 1841 1188 1884 senes

182 1901 248 1964 illos
270 1921 430 1984 provocare
450 1907 574 1983 virtute,
598 1906 701 1985 quibus
721 1924 796 1966 nuuc
816 1905 925 1965 honore
942 1897 1115 1986 adaequatus
1131 1917 1187 1969 est.

157 1986 247 2060 §Quo
263 1989 376 2067 quidem
391 1987 518 2068 honore,
537 1998 670 2068 qnantum
686 2007 743 2067 ego
757 1991 947 2068 interpretor,
966 2008 1022 2050 non
1037 1991 1121 2051 modo
1138 1992 1188 2051 de·

181 2070 270 2133 functi
291 2076 459 2152 memoriae,
481 2073 573 2134 dolori
588 2075 687 2153 patris,
703 2091 802 2134 verum
817 2075 901 2134 etiam
916 2073 1050 2151 exemplo
1066 2092 1231 2154 prospe-20

182 2165 257 2216 ctum
274 2167 327 2218 est.
358 2159 473 2232 Acuent
493 2159 529 2219 ad
551 2159 640 2220 bonas
663 2167 739 2219 artes
763 2159 938 2218 inventutem
954 2156 1188 2220 adulescentibus

182 2258 307 2320 quoque,
325 2240 401 2319 digni
413 2245 469 2302 sint
482 2243 579 2320 modo,
594 2252 670 2303 tauta
682 2244 805 2320 praemia
818 2243 981 2320 constituta,
996 2251 1099 2302 acuent
1111 2245 1188 2322 prin-

182 2325 263 2401 cipes
277 2326 354 2384 viros
370 2325 407 2383 ad
421 2324 530 2386 liberos
552 2324 751 2404 suscipiendos
773 2334 801 2384 et
817 2324 918 2401 gaudia
932 2343 969 2385 ex
983 2328 1188 2406 superstitibus

157 2415 211 2477 aet
226 2423 264 2466 ex
284 2408 393 2468 amissis
414 2416 469 2468 tam
487 2408 614 2486 gloriosa
631 2408 745 2470 solacia.
778 2408 829 2470 llis
847 2428 884 2468 ex
902 2412 995 2470 causis
1010 2419 1102 2472 statua
1117 2407 1188 2471 Cot·

180 2491 201 2550 ti
218 2489 333 2569 publica
345 2490 455 2570 laetor,
477 2511 533 2553 nec
553 2494 683 2572 privatim
696 2495 797 2554 minus.
832 2493 931 2552 Amavi
947 2497 1229 2566 consummaturi-25

180 2591 254 2632 mum
274 2575 405 2636 iuvenem
428 2585 483 2636 tam
504 2576 653 2654 ardenter,
682 2595 764 2656 quam
785 2596 860 2639 nuuc
875 2579 1046 2657 inpatienter
1059 2581 1185 2657 requiro.

179 2656 241 2719 Erit
255 2676 327 2737 ergo
343 2670 507 2738 pergratum
521 2661 587 2720 milri
608 2660 680 2721 harro
702 2651 828 2738 effigiem
850 2662 912 2722 eius
935 2662 1055 2724 subinde
1069 2664 1186 2743 intueri,

180 2743 299 2804 subinde
310 2745 471 2824 respicere,
488 2745 607 2806 subhac
620 2747 790 2826 consistere,
803 2754 919 2822 praeter
928 2745 1001 2806 banc
1015 2764 1186 2808 commeare.

154 2823 291 2890 tllteuim
305 2828 329 2888 si
345 2827 542 2890 defunctorum
556 2831 692 2906 imagines
708 2827 783 2888 domi
793 2829 904 2907 positae
918 2828 1047 2896 dolorem
1057 2841 1187 2892 nostrum

180 2907 286 2988 levant,
302 2915 509 2991 quantomagis
524 2912 578 2972 bae
594 2913 695 2990 quibus
709 2913 737 2970 iu
749 2909 938 2973 celeberrimo
949 2911 1017 2974 loco
1029 2932 1085 2974 non
1099 2914 1231 2992 modopq

181 2995 297 3072 specics
319 3005 349 3056 et
370 2993 466 3056 vultus
486 2994 598 3055 illorum
613 2995 664 3055 sed
679 2994 771 3054 bonor
788 2997 871 3055 etiam
886 3005 915 3056 et
932 2995 1025 3074 gloria
1038 2995 1186 3058 refertur?

179 3075 258 3138 Vale.

642 3160 720 3222 Vlll.

155 3372 167 3423 l
241 3359 346 3423 Studes
366 3380 401 3421 an
422 3363 542 3441 piscaris
564 3381 599 3423 arr
620 3364 732 3424 venaris
756 3383 790 3425 an
812 3365 894 3425 simul
916 3363 1029 3427 omnia?
1059 3366 1185 3427 Possunt
1194 3377 1230 3430 35

180 3447 253 3504 euim
269 3447 360 3505 omnia
375 3444 457 3505 simul
473 3446 534 3506 lieri
548 3446 583 3506 ad
595 3446 704 3507 barium
719 3457 854 3510 nostrum.
878 3447 948 3510 Nam
962 3449 1043 3510 lacus
1059 3452 1185 3530 piscem,

177 3527 253 3590 ieras
268 3526 358 3589 silvae
373 3529 475 3609 quibus
491 3529 570 3590 lacus
589 3532 726 3608 cingitur,
742 3532 833 3594 studia
848 3532 999 3595 altissimus
1010 3536 1064 3596 iste
1082 3553 1186 3596 seces·

1281 1645 1282 1680 1

459 3259 486 3316 C.
504 3260 628 3312 PLINIUS
649 3260 779 3312 cantato
797 3259 856 3312 SUO
875 3261 901 3312 S.
