2604 3972
311 300 574 364 EPISTULARUM
589 300 680 363 v1111.
695 311 739 367 ³0.
751 312 794 366 31.
807 312 851 366 32.
863 311 907 367 33.
1051 302 1112 367 193

550 453 668 516 XXXII.

390 553 702 608 emmerammo
721 553 781 607 suo
799 553 825 604 S.

172 657 248 734 Quid
261 656 345 738 agis?
362 658 428 738 quid
443 669 557 722 actums
572 659 626 721 es?
645 660 714 740 lpse
729 661 815 721 vitam
829 659 1067 736 iucundissimam,
1083 658 1113 720 id

110 752 153 804 est
168 744 382 821 otiosissimam,
397 744 475 802 vivo.
498 743 562 817 Quo
578 744 652 806 litut
666 745 795 805 scrihere
810 743 958 822 longiores
975 742 1112 823 epistulas

85 827 209 906 5nclim,
230 826 317 888 velim
338 825 456 905 legera,
478 825 548 888 hlud
569 839 709 908 tamquam
725 827 879 906 delicatus,
901 826 959 889 hcc
974 837 1114 906 tamquam

108 913 226 975 otiosus.
253 909 331 970 Nihil
345 919 390 972 cst
405 913 479 972 enim
494 922 541 973 aut
556 914 665 991 pigrius
680 911 810 975 delicatis
825 921 873 973 aut
889 913 1027 973 curiosius
1041 912 1114 972 otio·

107 996 155 1058 sis.
187 993 269 1056 Vale.

546 1095 677 1157 xxxnr.
1102 1068 1167 1198 l

388 1193 416 1246 G.
435 1194 561 1247 PLINIUS
579 1195 710 1246 ohmmo
728 1195 788 1247 SUO
806 1194 832 1248 S.

70 1297 100 1351 lo
169 1294 261 1357 Incidi
274 1295 303 1356 in
318 1296 460 1356 materiam
474 1313 582 1374 veram,
598 1297 651 1358 sed
667 1296 834 1360 simillimam
851 1298 934 1356 lictae
946 1295 1139 1373 dignamque1

106 1378 161 1439 isto
176 1377 353 1457 laetissimo,
365 1378 520 1458 altissimo,
536 1379 678 1460 planeque
692 1381 810 1461 poetico
825 1379 950 1456 ingenio,
967 1377 1053 1438 incidi
1067 1395 1115 1438 au·

106 1470 180 1538 tem,
203 1461 271 1524 dum
291 1479 380 1542 super
402 1481 500 1524 cenam
519 1466 596 1524 varia
616 1463 752 1525 miracula
770 1465 837 1524 hinc
857 1463 923 1524 inde
943 1462 1115 1523 referuntur.

105 1543 207 1624 llagna
223 1549 335 1607 auctori
354 1546 442 1608 fldes:
463 1549 575 1609 tametsi
591 1549 659 1627 quid
677 1555 782 1628 poetae
799 1565 862 1607 cum
878 1544 956 1609 lidel
978 1545 1116 1607 letamen

106 1638 205 1690 auctor
227 1631 276 1691 cui
297 1630 372 1691 hena
393 1630 441 1691 vel
458 1630 603 1693 historiam
623 1634 781 1713 scriptume
798 1630 980 1693 credidisses.
1014 1629 1067 1690 list
1087 1631 1140 1697 ina

69 1712 203 1776 lohirica
219 1713 414 1794 Hipponensis
431 1715 559 1794 colonia,
578 1718 646 1777 mari
667 1719 810 1797 proxima:
829 1716 940 1776 adiacet
953 1713 1116 1792 navigabile

106 1807 252 1876 stagnum:
270 1817 307 1860 ex
321 1799 420 1860 hocin
434 1799 546 1860 modum
564 1799 684 1862 huminis
699 1802 870 1863 aestuarium
886 1799 1022 1877 emergit,
1040 1795 1116 1877 quod

105 1882 170 1942 vice
184 1882 307 1961 alterna,
323 1890 409 1961 prout
422 1893 519 1945 aestus
535 1894 582 1944 aut
593 1887 735 1965 repressit
748 1894 795 1946 ant
809 1882 921 1964 inpulit,
940 1899 1014 1942 nnnc
1029 1879 1115 1942 inler-

106 1974 151 2026 tur
165 1968 235 2027 mari
251 1982 327 2027 nunc
341 1965 467 2027 redditur
481 1977 594 2046 stagno.
617 1968 713 2028 Omnis
728 1970 776 2029 hic
791 1977 869 2029 aetas
883 1965 1022 2047 piscandi,
1039 1965 1143 2036 navi-3

106 2049 207 2129 gandi,
224 2059 313 2129 atquc
327 2051 410 2111 etiam
421 2050 533 2112 natandi
549 2051 642 2112 studio
653 2061 776 2128 tenetur,
793 2052 913 2111 maxime
927 2050 1026 2128 pueri,
1043 2064 1116 2127 quos

68 2134 194 2194 idolium
214 2134 356 2212 lususque
377 2133 519 2196 sollicitat.
554 2134 604 2194 llis
625 2134 718 2214 gloria
740 2143 769 2194 et
788 2136 879 2194 virtus
892 2132 1030 2195 altissime
1049 2147 1116 2211 pro·

105 2217 186 2277 vehi:
209 2219 307 2278 victor
323 2217 372 2277 ille
388 2219 437 2297 qui
451 2218 618 2298 longissime
635 2229 666 2280 ut
679 2219 745 2279 litus
760 2220 798 2279 ita
813 2215 894 2278 simul
908 2225 1036 2277 natantes
1049 2212 1117 2276 reli·

106 2303 174 2380 quit.
197 2300 266 2362 lloo
282 2303 434 2363 certamine
449 2321 521 2382 puer
537 2302 647 2382 qnidam
662 2301 809 2363 audentior
821 2303 926 2362 ceteris
941 2303 970 2361 in
982 2299 1144 2370 ulteriores

105 2384 253 2447 tendehat.
287 2382 448 2465 Delphinus
469 2387 611 2464 occurrit,
639 2395 668 2448 et
689 2404 764 2447 nunc
785 2383 964 2466 praecedere
985 2401 1116 2463 puerum,

106 2486 181 2530 nnnc
195 2468 300 2549 sequi,
319 2488 394 2529 nunc
411 2472 578 2549 circumire,
594 2479 742 2549 postremo
763 2470 877 2549 subire,
890 2467 1049 2548 deponere,
1064 2469 1117 2528 ite·

68 2557 166 2613 tirum
183 2555 304 2630 subire,
325 2553 571 2634 trepidantemque
590 2554 721 2634 perferre
738 2555 857 2633 primum
877 2554 906 2613 in
922 2551 1025 2630 altum,
1049 2567 1118 2611 mox

106 2635 198 2699 flectit
211 2637 248 2698 ad
266 2635 332 2698 litus
343 2637 493 2717 redditque
508 2646 602 2698 terrae
617 2647 646 2699 et
661 2636 837 2717 aequalibus.
858 2636 956 2714 Serpit
969 2653 1024 2714 per
1035 2633 1144 2705 colo-5

106 2722 179 2784 niam
192 2721 286 2782 lama:
309 2737 482 2783 concurrere
497 2738 612 2798 omnes,
634 2723 727 2800 ipsum
747 2737 867 2800 puerum
880 2729 1020 2798 tamquam
1035 2719 1116 2778 mira·

108 2804 202 2865 culum
218 2806 367 2886 aspicere,
382 2804 577 2882 interrogare,
591 2804 701 2884 andire,
716 2821 839 2866 narrare.
868 2803 988 2864 Postero
1005 2801 1051 2862 die
1066 2800 1118 2863 ol)-

108 2888 202 2950 sident
216 2888 304 2966 litus,
326 2897 512 2968 prospectant
527 2905 603 2949 mare
619 2897 649 2949 et
664 2889 689 2950 si
704 2887 771 2969 quid
788 2897 834 2950 est
848 2887 917 2948 mari
931 2883 1032 2948 simile.
1062 2884 1118 2946 Na·

68 2981 166 3038 occant
185 2974 289 3053 pueri:
309 2973 383 3033 inter
401 2973 456 3034 hos
477 2973 544 3050 illa,
571 2972 623 3034 sed
644 2973 764 3035 cantius.
795 2970 956 3052 Delphinus
970 2988 1067 3031 mrsus
1084 2969 1120 3030 ad

106 3064 242 3137 tempus,
265 3074 365 3118 rursus
380 3056 414 3118 ad
429 3075 549 3138 puemm
559 3058 647 3118 uenit.
668 3056 754 3136 llugit
768 3056 819 3117 ille
834 3074 898 3116 curn
914 3055 1029 3117 ceteris.
1048 3052 1119 3114 Del·

105 3139 221 3220 phinus,
240 3143 323 3221 qnasi
336 3140 436 3203 inritet
450 3151 480 3203 et
494 3150 630 3218 revocet,
646 3140 743 3220 exilit,
759 3141 897 3219 mergitur
909 3141 1061 3216 variosque
1072 3154 1118 3197 or·

107 3223 160 3286 bes
176 3225 322 3306 inplicitat
336 3225 519 3306 expeditque.
541 3223 606 3286 lloc
619 3225 710 3286 altero
726 3225 789 3302 die,
803 3224 861 3286 hcc
873 3225 968 3299 tertio,
986 3220 1044 3283 hoc
1056 3220 1147 3302 plu-s

106 3307 203 3388 ribus,
235 3309 331 3370 donec
350 3309 480 3371 homines
500 3311 648 3371 innutritos
666 3309 734 3370 mari
756 3308 865 3370 subiret
883 3305 998 3368 timendi
1017 3305 1118 3385 pudor.

68 3390 264 3454 35Accedunt
280 3401 309 3452 et
326 3392 460 3454 adludunt
474 3403 504 3455 et
519 3393 679 3474 appellant,
700 3402 819 3471 tangunt
834 3391 917 3452 etiam
932 3396 1120 3469 pertrectant-

109 3493 165 3555 que
185 3476 387 3557 praehentem.
413 3476 527 3539 Crescit
545 3477 661 3540 audacia
677 3478 882 3556 experimento.
912 3472 1033 3535 hlaxime
1047 3489 1121 3552 puer

108 3561 157 3638 qui
167 3563 282 3641 primns
292 3572 428 3642 expertus
438 3571 483 3625 est
497 3561 651 3624 adnatantis
666 3561 754 3622 insilit
768 3570 863 3641 tergo,
878 3558 969 3704 lerltqr
981 3555 1120 3617 refertur·
1175 3560 1178 3565 '

149 3649 227 3704 l‘nmr
245 3648 296 3704 Ea.
