2604 3972
178 300 242 364 226
482 294 514 358 G.
535 293 632 357 PLINI
652 293 701 355 ET
724 291 881 356 TRAIANI

178 452 312 534 putabam
329 467 419 530 posse
442 450 470 508 in
491 459 618 510 senatum
637 457 666 508 et
688 445 844 510 secundum
865 443 989 506 edictum
1009 444 1133 523 Augusti
1154 456 1184 507 et

179 535 336 598 secundum
355 533 451 611 legem
471 530 634 612 Pompeiem
656 531 733 608 legi,
759 531 890 609 quoniam
909 528 1056 605 Augustus
1077 546 1182 607 gerere

178 621 358 698 magistratus
370 615 525 676 minoribus
539 615 617 676 annis
629 617 743 692 triginta
753 614 943 694 permisisset,
959 611 1008 673 lex
1019 622 1182 675 senatorem

153 719 247 772 sesae
260 702 401 763 voluisset
415 701 463 778 qui
476 700 618 776 gessisset
633 699 833 776 magistratum.
853 694 898 756 De
912 697 947 757 iis
961 704 1055 755 autern
1067 697 1182 775 quinon

179 788 355 865 gessissent,
383 784 508 862 quemvis
536 791 635 844 essent
655 783 754 842 aetatis
777 778 904 842 eiusdem
915 781 996 840 ouius
1016 777 1058 840 illi
1078 779 1209 857 ιιιιίὶιιιιό

178 887 283 948 gerere
303 869 472 949 permissum
491 874 548 944 est,
569 864 757 934 haesitabam
781 882 835 943 per
851 861 927 942 quod
944 861 1078 924 ellectum
1092 871 1139 923 cst
1152 873 1184 923 ut

178 962 226 1030 te,
248 951 377 1029 domine,
399 949 580 1011 consulerem
600 948 667 1027 quid
682 948 828 1008 observari
842 945 946 1007 velles.
980 944 1080 1025 Capita
1094 945 1182 1024 legis,

179 1045 238 1096 tum
254 1035 376 1096 edictum
392 1030 514 1110 Augusti
526 1032 628 1092 litteris
643 1031 762 1094 subieci.

520 1146 834 1228 uxxx.[uxxxrrrr.p

503 1247 666 1300 TRAIANUS
689 1248 796 1300 Potitio
820 1249 848 1298 S.
1191 1253 1224 1303 io

237 1337 465 1416 Interpretationi
491 1346 574 1415 tune,
601 1341 639 1398 nri
659 1334 791 1396 Secunde
814 1334 1028 1396 carissime
1050 1332 1181 1393 existimo

178 1422 315 1483 hactenus
333 1418 428 1480 edicto
450 1420 507 1482 divi
525 1420 647 1499 Augusti
669 1428 798 1481 novatam
820 1434 887 1479 esse
907 1415 1003 1493 legem
1018 1413 1182 1495 Pompeiam

178 1512 208 1565 ut
219 1504 410 1580 magistratum
425 1502 538 1583 quidem
551 1521 656 1582 capere
674 1511 793 1581 possent
807 1500 826 1560 ii
841 1501 890 1579 qui
902 1517 959 1559 non
971 1500 1096 1560 minores
1111 1498 1181 1560 duo·

178 1605 239 1648 rum
253 1595 283 1647 et
298 1587 397 1664 viginti
417 1604 551 1648 annorum
566 1596 682 1663 essent,
707 1595 737 1646 et
755 1586 802 1664 qui
818 1584 982 1663 cepissent,
1004 1583 1032 1640 in
1053 1590 1181 1643 senatum

179 1672 316 1748 cuiusque
332 1669 452 1730 civitatis
467 1673 659 1750 peruenirent.
693 1665 829 1731 Ceterum
842 1683 900 1727 non
915 1674 1000 1746 capto
1015 1667 1179 1743 magistratu
1190 1672 1221 1724 15

179 1772 230 1815 eos
246 1754 294 1832 qui
307 1754 431 1815 minores
454 1755 566 1831 triginta
586 1769 722 1814 annorum
740 1752 814 1828 sint,
842 1751 906 1829 quia
925 1750 1117 1826 magistratum
1134 1766 1179 1809 ca·
1280 1801 1281 1818 2

178 1855 249 1916 pere
271 1837 399 1916 possint,
424 1838 452 1898 in
482 1837 586 1898 curiam
614 1837 699 1897 etiam
724 1834 782 1924 loci
809 1835 946 1912 cuiusque
967 1849 1024 1891 non
1048 1834 1179 1893 existimo
1280 1841 1281 1860 ¹

177 1921 236 1999 legi
250 1938 348 2001 posse.

517 2001 642 2064 lxxxi.
664 2001 826 2080 [lxxxv]

400 2099 427 2155 (l.
445 2099 571 2152 PLINIUS
588 2100 733 2153 TRAIANO
750 2097 956 2152 IMPERATORI.
1189 2125 1221 2176 Ὦ

155 2217 168 2268 1
241 2198 311 2261 Cum
325 2201 431 2262 Prusae
447 2202 482 2262 ad
497 2201 664 2283 Olympum,
680 2204 810 2282 domine,
833 2202 956 2283 puhlicis
970 2203 1094 2279 negotiis
1108 2203 1180 2261 intra

179 2283 331 2364 hospitium
346 2285 449 2345 eodem
464 2285 510 2345 die
525 2287 651 2346 exiturus
667 2305 814 2364 vacarem,
829 2285 1018 2365 Asclepiades
1033 2287 1180 2362 magistra·

179 2376 224 2427 tus
245 2366 378 2427 indicavit
399 2367 571 2444 appellatum
591 2387 635 2427 me
656 2389 672 2429 n
695 2367 813 2430 Claudio
832 2367 983 2447 Eumolpo.
1018 2365 1090 2428 Cum
1105 2365 1180 2428 Goo-

181 2451 296 2510 ceianus
310 2447 385 2508 Dion
399 2450 427 2509 in
442 2449 510 2509 bule
525 2450 665 2527 adsignari
687 2454 792 2512 ciuitati
813 2469 885 2529 opus
902 2453 982 2514 cuius
1001 2469 1097 2512 curam
1111 2469 1180 2528 ege·

177 2542 221 2593 rat
235 2531 342 2610 vellet,
359 2541 417 2592 tum
431 2530 589 2612 Eumolpus
603 2531 744 2596 adsistens
759 2533 857 2596 Flavio
873 2535 1019 2615 Archippo
1034 2534 1105 2596 dixit
1120 2535 1179 2596 exi·
1189 2544 1221 2596 tt
1279 2519 1280 2561 ¹

178 2615 299 2695 gendam
314 2635 382 2677 esse
397 2635 413 2676 a
428 2614 520 2678 Dione
535 2618 673 2678 rationem
688 2619 784 2698 operis
806 2628 871 2680 ante
891 2637 974 2698 quam
987 2621 1030 2680 rei
1044 2617 1179 2698 publicae

152 2700 352 2778 ttraderetur,
379 2700 557 2780 annualiter
577 2701 698 2763 iecisset
718 2721 752 2764 ac
771 2702 927 2764 debuisset.
957 2701 1073 2764 Adiecit
1094 2701 1181 2762 etiarn

178 2803 245 2846 esse
272 2786 300 2846 in
321 2784 393 2844 aede
413 2786 534 2863 positam
559 2795 633 2848 tuam
660 2795 779 2847 statuam
798 2795 828 2846 et
849 2802 969 2865 corpora
988 2784 1179 2864 sepultorum,

178 2870 274 2929 uxoris
290 2867 389 2928 Dionis
404 2877 433 2928 et
447 2867 514 2945 iiiii,
529 2867 740 2948 postulavitque
755 2879 786 2930 ut
801 2885 1008 2948 cognoscerem
1023 2887 1076 2947 pro
1090 2868 1181 2929 tribu·

153 2950 246 3016 3nuli.
280 2949 364 3022 Quod
379 2968 441 3009 cum
457 2968 514 3029 ego
529 2968 575 3010 me
595 2954 723 3031 protinus
738 2951 876 3015 iacturum
891 2951 1096 3031 dilaturumque
1110 2967 1179 3030 pre-
1188 2962 1222 3016 ³0

115 3105 120 3114 Ι
179 3032 334 3094 lectionem
346 3032 493 3111 dixissem,
509 3043 539 3095 nt
552 3035 711 3113 longiorem
727 3035 801 3096 diem
816 3035 1052 3100 adinstruendarn
1065 3049 1179 3096 causant
1278 3095 1279 3098 ,

153 3116 275 3182 iderem
295 3126 382 3196 utque
403 3118 431 3176 iu
452 3116 506 3178 elia
520 3119 634 3181 civitate
649 3137 856 3197 cognoscerem
871 3121 961 3198 petiit.
989 3117 1054 3196 Ego
1069 3135 1115 3182 roe
1131 3132 1180 3178 au·
1278 3133 1279 3171 ι

181 3199 300 3262 diturum
315 3200 439 3262 Nicaeae
454 3202 598 3281 respondi.
632 3203 688 3264 Uhi
704 3223 771 3264 oum
786 3202 983 3266 consedissem
999 3203 1179 3280 cogniturus,

173 3283 253 3344 idern
267 3283 435 3363 Eumolpus,
451 3294 590 3365 umquam
604 3288 654 3366 [si]
670 3286 761 3348 adhue
775 3304 873 3366 parum
886 3288 1052 3362 instructus,
1068 3283 1180 3348 dilatio·

153 3378 243 3430 onem
258 3377 359 3446 petere
374 3371 484 3447 coepit:
507 3379 605 3432 contra
623 3369 698 3432 Dion
719 3379 749 3432 ut
769 3370 912 3432 audiretur
934 3371 1062 3446 exigere.
1093 3366 1221 3432 ornnes
1277 3439 1278 3452 χ

179 3460 244 3512 sunt
259 3452 398 3529 utrimque
412 3451 514 3530 multe,
537 3455 620 3514 etiam
634 3453 671 3514 de
691 3471 783 3514 causa
816 3452 882 3532 Ego
898 3471 961 3516 cum
976 3451 1093 3514 dandam
1109 3449 1179 3513 dilu-

179 3534 284 3595 tionem
297 3543 329 3598 et
343 3543 372 3595 te
388 3535 590 3598 consulendum
605 3538 793 3598 existimarem
808 3539 836 3598 in
850 3536 929 3598 read
941 3533 1180 3618 exemplumper·
