2580 3970
208 277 273 341 274
633 275 666 334 G.
686 271 783 333 Putat

209 433 339 508 cipatus‚
362 438 393 488 ut
407 430 460 488 iam
475 435 628 488 excusatus
642 425 799 486 honoribus
815 432 844 484 et
865 422 1016 503 expletus,
1038 422 1221 485 consulatum

208 514 359 588 recusasti,
376 529 460 589 quem
471 512 538 571 novi
549 513 736 590 imperatores
749 508 918 569 destinatum
928 507 993 568 aliis
1004 508 1032 566 iu
1047 526 1081 568 se
1094 509 1221 570 transie-

207 597 316 656 rebant.
338 594 401 656 Fuit
412 597 494 655 etiam
513 596 560 672 qui
576 596 605 653 iu
617 594 791 672 principatus
803 592 846 651 sui
858 591 914 652 line
928 589 1115 669 consulatum,
1131 609 1221 669 quem

208 680 325 740 dederat
339 681 420 757 ipse,
435 696 535 756 magna
551 697 588 738 en
599 687 679 756 parte
695 679 747 736 iam
763 684 876 754 gestum
891 684 1078 754 extorqueret
1091 683 1122 736 et
1132 694 1219 754 rape·

206 773 259 824 ret.
288 761 350 822 lloc
367 780 438 841 ergo
453 763 579 837 bonore,
599 779 683 839 quem
699 771 727 822 et
743 760 914 837 incipientes
930 760 1077 837 principes
1093 767 1123 820 at
1138 759 1242 830 desi-5

207 856 308 908 nentes
329 846 401 906 adeo
424 849 631 924 concupiscunt
651 854 682 905 ut
703 844 847 920 auferant,
873 852 904 903 tu
925 844 1019 903 otioso
1040 860 1075 904 ac
1093 855 1217 907 vacante

207 933 326 1008 privatis
352 933 475 992 cessisti.
510 929 708 990 invidiosusne
726 936 787 988 erat
802 936 849 986 aut
866 926 918 986 tibi
932 929 1034 988 tertius
1049 927 1216 990 somniatus

207 1023 253 1075 ιιι
268 1017 389 1094 ριὶιιῑρί
404 1011 531 1092 primus?
562 1011 631 1073 Nam
650 1011 805 1073 secundum
824 1011 979 1089 imperator
999 1009 1131 1089 quidem,
1162 1014 1216 1073 sub

207 1100 378 1176 imperatore
394 1106 486 1159 tamen
502 1099 591 1174 inisti,
605 1097 733 1174 nihilque
749 1096 871 1172 inputari
884 1096 912 1154 iu
924 1111 961 1154 eo
971 1094 1019 1155 ael
1032 1094 1135 1156 bononi
1152 1107 1216 1175 pot·

209 1191 253 1242 cst
268 1181 316 1242 vel
330 1181 464 1261 exemplo
478 1183 532 1242 nisi
548 1182 726 1259 obsequium.
755 1178 798 1240 lta
816 1195 905 1254 vero,
928 1195 1000 1257 quae
1017 1180 1118 1240 ciuitas
1133 1183 1215 1259 quin·
1225 1197 1252 1248 10

208 1268 289 1344 quies
304 1277 389 1345 atquc
406 1268 489 1325 etiarn
502 1266 597 1326 sexies
610 1263 744 1325 consules
754 1263 839 1338 vidit,
855 1279 912 1321 nou
926 1261 993 1324 illos
1005 1265 1053 1341 qui
1067 1265 1216 1340 expirante

208 1352 261 1408 iam
278 1349 409 1410 libertate
424 1367 479 1429 per
493 1350 550 1408 vim
564 1366 598 1408 ac
615 1348 762 1409 tumultum
775 1347 958 1423 creabantur,
975 1346 1028 1408 sed
1044 1347 1150 1426 quibus
1169 1368 1213 1409 se·

206 1434 310 1510 positis
328 1443 356 1493 ιι
370 1434 534 1494 absentibus
548 1435 577 1492 iu
594 1451 659 1493 rura
676 1450 726 1494 sua
742 1429 905 1491 consulatus
919 1430 1099 1509 ferebantur,
1115 1435 1145 1492 in
1162 1433 1214 1493 ιιι

208 1518 322 1575 civitate
338 1519 450 1577 tertium
470 1516 645 1579 consulatum
663 1519 799 1597 princeps
814 1515 929 1592 generis
947 1513 1060 1574 humani
1078 1525 1110 1576 at
1129 1535 1213 1595 prae·

206 1615 322 1676 gravem
343 1598 504 1661 recusasti?
533 1599 659 1662 Tantone
673 1600 790 1679 Papiriis
807 1599 891 1658 etiam
902 1607 931 1657 et
948 1596 1070 1672 Quintiis
1083 1600 1249 1668 madero-15

205 1685 261 1742 tior
275 1682 422 1762 Augustus
440 1692 468 1742 et
483 1682 590 1745 Cacsar
605 1694 635 1745 ιι
647 1693 731 1764 pater
747 1679 876 1762 patriae?
894 1681 933 1742 Αι
950 1680 1018 1743 illos
1032 1701 1080 1744 ros
1096 1685 1212 1763 publica

205 1768 308 1829 ciebat.
341 1765 438 1839 Quid?
463 1775 492 1827 te
510 1785 567 1830 non
582 1768 682 1828 eadem
696 1785 743 1828 res
765 1763 901 1846 publicai
924 1783 982 1826 nou
998 1765 1135 1830 senatus?
1156 1789 1212 1830 nou

204 1851 367 1912 consulatus
381 1853 462 1930 ipse,
482 1853 530 1930 qui
549 1852 603 1912 sibi
620 1855 675 1914 tuis
690 1853 795 1912 umeris
811 1849 902 1911 attolli
916 1859 946 1910 et
957 1867 1118 1929 augescere
1133 1855 1211 1915 alde·

154 1938 193 2002 58
205 1932 270 1994 tur?
291 1933 356 1994 Nou
369 1943 399 1996 te
413 1936 448 1996 ad
465 1935 611 2015 exemplar
625 1938 687 1998 eius
701 1952 776 1996 uoco
792 1938 840 2013 qui
857 1936 997 1996 continuis
1015 1937 1210 1999 consulatibus
1280 1967 1281 1979 ι

203 2018 313 2080 lecerat
328 2017 445 2098 longum
463 2019 601 2098 quendam
619 2031 648 2081 et
665 2023 727 2081 sine
742 2019 902 2080 discrimine
918 2037 1032 2079 anuum:
1045 2022 1081 2081 iis
1094 2031 1125 2082 te
1142 2033 1246 2085 con-ut

204 2103 267 2163 iero
288 2121 361 2183 quos
384 2113 492 2164 certum
512 2114 574 2182 est,
601 2107 732 2184 quotiens
753 2102 888 2164 consules
910 2102 1041 2180 luerunt,
1075 2107 1209 2167 nonsibi

205 2189 393 2264 praestitisse.
414 2185 483 2248 Erat
496 2190 525 2247 in
540 2199 640 2249 senatu
658 2198 703 2249 ter
716 2187 834 2264 consul,
852 2204 916 2252 curu
929 2196 960 2246 tu
977 2190 1090 2249 tertium
1105 2207 1208 2252 consu·
1277 2249 1278 2267 q

202 2268 288 2331 latum
304 2272 470 2333 recusabas.
492 2271 652 2334 Onerosum
663 2275 765 2334 nescio
779 2270 847 2350 quid
858 2271 1048 2333 verecundiae
1063 2282 1131 2336 tuae
1143 2292 1209 2335 con·

203 2371 306 2416 sensus
322 2365 421 2415 noster
437 2355 592 2433 indixerat,
608 2366 638 2418 ut
654 2358 791 2436 princeps
807 2356 910 2416 totiens
925 2355 1026 2416 consul
1042 2375 1127 2420 esses
1139 2375 1208 2438 quo·
1276 2347 1277 2365 ¹

201 2439 277 2497 tiens
293 2447 408 2499 senator
430 2447 509 2498 taus:
534 2442 615 2500 nimia
630 2439 770 2501 modestia
790 2439 865 2500 istud
883 2441 968 2500 etiam
983 2441 1110 2518 privatas
1125 2453 1242 2504 recudi
1275 2437 1276 2461 ¹

201 2538 308 2582 sesses.
344 2520 389 2580 Au
413 2520 570 2583 consularis
590 2525 644 2584 viri
664 2521 897 2603 triumphalisque
915 2523 1007 2602 iilius,
1039 2543 1104 2586 cum
1122 2529 1206 2588 tertio
1274 2515 1275 2557 ι

202 2605 302 2666 consul
321 2616 449 2683 creatur,
465 2605 616 2669 ascendit?
639 2625 696 2670 non
711 2608 838 2668 debitum
853 2607 909 2667 hoc
925 2605 988 2669 tlltt
1008 2625 1066 2670 non
1080 2609 1129 2672 uel
1147 2609 1207 2671 sola
1273 2599 1274 2653 i

200 2691 318 2766 generis
335 2688 462 2751 claritate
475 2690 681 2770 promeritum?
717 2690 845 2769 Contigit
866 2709 937 2770 ergo
958 2694 1075 2772 privatis
1092 2695 1204 2773 aporire
1271 2683 1273 2766 i

200 2791 300 2833 annum
322 2773 471 2853 fastosque
493 2792 641 2854 reserare,
668 2786 696 2837 et
718 2776 775 2835 boc
791 2793 907 2854 quoque
921 2777 1050 2838 redditae
1066 2777 1205 2840 libertatis

200 2856 333 2916 indicium
350 2855 403 2916 iuit
419 2857 495 2937 quod
508 2859 607 2921 consul
622 2860 693 2920 alius
706 2876 788 2938 quam
804 2855 910 2918 Caesar
924 2868 1012 2919 esset.
1036 2858 1086 2920 Sic
1096 2865 1241 2923 exactisttt

199 2940 319 3016 regibus
334 2944 431 3019 coepit
447 2941 521 3003 liber
540 2961 642 3008 annus:
665 2947 709 3005 sic
725 2943 792 3004 olim
807 2942 930 3002 servitus
946 2941 1028 3020 pulsa
1043 2945 1153 3020 privata
1168 2946 1206 3006 ia·

199 3023 251 3083 stis
263 3025 374 3083 nomina
389 3025 506 3086 induxit.
527 3025 649 3090 Miseros
662 3027 821 3089 ambitionis
833 3027 882 3105 qui
893 3027 931 3085 ita
944 3027 1080 3090 consules
1091 3047 1206 3109 semper

199 3115 229 3166 ut
245 3123 361 3185 semper
373 3109 519 3189 principes
532 3111 624 3173 erant!
646 3111 819 3191 Quamquam
830 3127 887 3170 aon
898 3111 1012 3171 ambitio
1023 3114 1116 3190 magis
1125 3131 1206 3194 quara

198 3189 272 3250 livor
292 3199 320 3250 et
342 3191 500 3270 malignitas
520 3195 611 3258 videri
633 3207 730 3274 potest
745 3211 844 3256 omncs
858 3211 947 3257 anuos
962 3196 1116 3276 possidere
1132 3215 1205 3259 sum·

198 3291 331 3352 mumque
347 3274 416 3336 illud
433 3294 575 3357 purpurae
592 3279 681 3342 decus
695 3298 752 3340 uon
766 3281 821 3341 uisi
834 3290 1036 3359 praecerptum
1051 3282 1240 3360 praeliata-ii

198 3367 313 3436 tumque
326 3362 524 3422 transmittere.
547 3361 633 3422 Tuam
643 3382 714 3426 aero
726 3365 978 3442 magnanimitatem
989 3383 1025 3428 au
1036 3367 1206 3429 modestiam

198 3459 232 3500 an
241 3440 1080 3529 benignitatempriusmirer?liagnanirnitatisiuitcxpetito
1089 3467 1207 3529 semper

196 3523 306 3585 bonore
321 3525 475 3610 abstinere,
491 3527 647 3592 modestiae
660 3533 777 3614 cedere,
790 3534 971 3614 benignitatis
984 3553 1037 3616 per
1048 3535 1126 3597 alios
1137 3534 1204 3596 frui.
