2580 3978
417 232 678 324 nrrsrnnnnnu
693 261 743 324 nr.
766 273 793 326 ι.
807 275 833 325 a.
1080 262 1121 327 47

122 437 192 500 quae
215 417 290 478 solet
314 416 430 478 decreta
451 433 660 495 praecanere·
682 415 751 476 Tum
772 431 829 492 ego
850 413 974 476 ‘desino’
997 418 1120 496 iuquam,

121 509 229 584 ‘patres
251 501 422 580 conscripti,
441 509 541 579 putare
561 518 606 560 me
620 501 708 562 iustas
724 499 915 560 excusationis
934 519 1033 562 causas
1050 509 1121 560 attu-

118 588 212 647 lisse’.
246 583 355 645 Placuit
369 593 398 644 et
411 583 551 645 modestia
565 585 704 644 sermonis
721 591 751 644 et
766 584 847 643 ratio.
880 579 1015 663 Compulit
1029 590 1147 644 autem5

117 689 164 730 me
178 668 213 729 ad
227 667 284 729 hoc
299 667 446 729 eonsilium
460 686 516 727 nou
530 667 623 728 solum
638 685 797 728 consensus
811 677 938 745 senatus,
956 684 1122 748 quamquam

91 755 167 815 shie
183 755 320 830 maxime,
340 769 438 812 uerum
454 761 483 812 et
499 750 546 810 alii
564 750 675 830 quidam
689 752 813 812 minores
830 750 883 810 sod
897 760 990 812 tamen
1003 753 1121 811 numeri.

116 837 260 899 Veniebat
279 838 307 895 in
328 845 450 896 mentem
469 837 581 915 priores
599 843 714 895 nostros
736 837 820 896 otiam
839 834 1014 912 singulorum
1025 836 1122 913 hospi·

117 932 179 983 tum
199 921 312 979 iniurias
326 919 492 980 voluntariis
511 917 740 980 accusationibus
758 928 927 987 exsecutos3
950 937 1007 999 quo
1027 919 1122 980 defor-

116 1007 191 1066 mius
205 1004 360 1072 arbitrabar
374 1002 481 1083 publici
499 1003 604 1082 hospiti
621 1004 680 1062 iura
692 1002 863 1079 neglegere·
893 1002 1044 1064 Praeterea
1061 1011 1149 1068 cumi

116 1087 294 1152 recordarer¹
311 1097 412 1166 quauta
433 1087 486 1165 pro
505 1085 596 1148 isdem
621 1085 744 1147 Raeticis
766 1087 916 1164 superiore
937 1087 1122 1148 advocatione

78 1177 205 1240 loetiam
221 1171 349 1251 pericula
363 1171 516 1248 subissem,
532 1170 755 1231 conservandum
766 1171 873 1230 veteris
890 1170 977 1232 officii
993 1174 1123 1232 meritum

117 1273 196 1318 novo
212 1255 369 1315 videbatur.
401 1252 455 1315 Est
471 1255 544 1314 enim
557 1257 596 1315 ita
611 1263 801 1333 comparatum
814 1263 845 1313 ut
864 1256 1020 1333 antiquiora
1035 1255 1122 1315 bene·

117 1343 185 1402 licia
199 1339 360 1417 subvertas,
377 1339 432 1398 uisi
444 1337 492 1398 illa
506 1339 713 1416 posterioribus
731 1336 873 1397 cumules:
891 1355 955 1397 nam
969 1337 1122 1416 quamlibet
1153 1362 1158 1370 “

116 1442 211 1503 saepe
234 1422 366 1501 obligati,
389 1423 496 1502 siquid
516 1440 601 1481 onum
619 1440 729 1500 neges,
750 1421 807 1481 boe
826 1419 919 1480 solum
936 1423 1123 1482 meminerunt

118 1509 199 1590 quod
215 1517 349 1585 negatum
370 1516 426 1568 est.
456 1505 591 1566 Ducebar
604 1508 687 1566 etiam
705 1505 781 1584 quod
795 1504 962 1566 decesserat
979 1504 1150 1572 Classicus7

77 1599 108 1654 15
117 1599 302 1670 amotumque
320 1599 396 1668 erat,
419 1590 495 1668 qnod
517 1593 545 1649 in
566 1590 703 1650 eiusmodi
720 1591 812 1650 causis
827 1589 902 1650 solet
917 1608 984 1651 esse
997 1591 1123 1651 tristissi-

116 1694 214 1754 mum,
241 1674 399 1755 perieulum
420 1675 571 1734 senatoris.
603 1672 740 1734 Videbam
761 1691 832 1750 ergo
852 1673 1029 1734 aduocationi
1041 1691 1123 1734 meae

117 1779 178 1822 uon
192 1762 328 1819 minorem
342 1761 460 1836 gratiam
472 1775 555 1837 quam
569 1759 593 1817 si
605 1759 716 1819 viveret
727 1756 777 1818 ille
791 1760 977 1836 propositam,
992 1757 1124 1817 iuvidiam

116 1843 235 1906 nullam.
257 1841 290 1902 lu
305 1859 421 1920 summa,
439 1842 637 1921 computabam,
657 1843 681 1900 si
695 1859 811 1901 munere
826 1841 881 1902 boc
895 1843 949 1901 iam
963 1844 1047 1902 tertio
1062 1842 1150 1904 iun-8

118 1946 227 2010 gerer,
249 1925 406 1986 faciliorem
422 1926 489 1985 mihi
512 1927 724 1986 excusationem
744 1925 825 2002 iore,
848 1927 954 2004 siquis
976 1926 1125 1988 incidisset

76 2025 207 2093 laquem
222 2015 278 2071 nou
293 2009 429 2070 deberem
442 2027 591 2070 accusare.
609 2007 680 2068 Nam
697 2026 761 2069 cum
775 2018 819 2070 cst
835 2011 956 2069 omnium
967 2010 1126 2070 officioram

118 2097 185 2158 finis
200 2095 319 2174 aliquis,
340 2103 398 2154 tum
418 2095 524 2172 optime
543 2092 667 2153 libertati
679 2094 763 2152 venia
777 2089 917 2171 obsequio
932 2101 1125 2171 praeparatur.

117 2181 234 2241 Audisti
249 2177 360 2238 consilii
371 2178 426 2238 mei
438 2187 542 2256 motus,
560 2184 693 2254 superest
705 2174 838 2236 alterutra
852 2193 889 2235 ex
898 2185 979 2255 parte
993 2175 1151 2238 iudicium9

118 2275 216 2342 taum,
237 2265 266 2323 iu
278 2280 335 2342 quo
352 2262 418 2321 mibi
432 2279 524 2340 aeque
543 2260 665 2321 iucunda
682 2261 735 2320 crit
751 2258 918 2339 simplicitas
933 2260 1125 2322 dissentientis

119 2367 206 2430 quam
224 2346 426 2425 conprobantis
440 2346 601 2405 auctoritas.
633 2343 713 2404 Vale.

77 2449 111 2502 ²⁵
609 2478 644 2539 v.

346 2561 647 2629 ordinacionem
666 2576 778 2628 ntncsso
796 2576 856 2628 suo
876 2575 903 2632 s,

187 2684 351 2761 Pergratum
367 2691 413 2744 est
426 2682 493 2741 milri
509 2681 584 2761 quod
599 2690 654 2742 tam
665 2681 819 2759 diligenter
828 2680 917 2740 libros
928 2679 1058 2740 avunculi
1071 2681 1152 2745 meir

120 2769 237 2830 lectitas
252 2777 283 2828 ut
295 2766 401 2828 babere
412 2784 511 2827 omnes
522 2765 595 2827 velis
608 2783 785 2844 quaerasque
797 2767 845 2844 qui
856 2766 912 2825 siat
923 2780 1031 2824 omues.
1053 2761 1152 2826 Fun-2

78 2871 177 2931 30gar
195 2851 296 2912 indicis
312 2851 438 2930 partibus
458 2860 542 2929 atque
564 2852 717 2928 etiamque
732 2852 788 2910 sint
803 2849 901 2909 ordine
916 2849 1127 2926 scripti'notum

122 2937 176 2997 tibi
191 2934 307 2996 faciam:
328 2944 374 2994 est
391 2936 464 2994 enim
480 2933 552 2995 baec
565 2951 680 3013 quoque
695 2933 829 2994 studiosis
844 2948 900 2993 non
914 2931 1064 2992 iniucunda
1079 2948 1127 2992 co·

123 3021 224 3098 gnitio.
254 3018 310 3079 ‘De
329 3017 499 3078 iaculatione
515 3020 643 3097 equestri
657 3022 756 3078 onus':
782 3016 868 3094 bunc,
885 3033 949 3076 cum
963 3015 1155 3094 praeiectusa

123 3103 186 3164 alae
199 3102 350 3181 militaret,
365 3103 425 3181 pari
438 3103 553 3180 ingenio
571 3119 694 3181 curaque
717 3102 877 3179 conposuit.
901 3099 958 3160 ‘Do
973 3103 1032 3159 vita
1046 3099 1128 3160 Pom-

124 3190 195 3268 poni
215 3186 341 3248 Secundi
363 3187 447 3256 duo';
468 3204 484 3246 a
504 3203 560 3265 quo
582 3185 761 3264 singulariter
777 3194 884 3245 amatus
904 3182 961 3244 hoc
976 3183 1128 3244 memoriae

80 3273 207 3337 &aurici
234 3273 315 3351 quasi
342 3271 465 3332 debiturn
486 3287 591 3331 munus
613 3269 746 3331 exsolvit.
781 3267 938 3328 ‘Bellorum
964 3266 1155 3330 Germaniael

124 3357 256 3434 uiginti';
272 3355 374 3435 quibus
393 3357 486 3416 omnia
501 3372 574 3435 quae
588 3372 651 3415 cum
658 3353 802 3415 Germanis
818 3353 960 3430 gessimus
977 3350 1054 3412 bella
1068 3350 1128 3412 col·
1170 3417 1176 3432 ²

126 3439 208 3518 legit.
238 3438 403 3518 moueant,
421 3457 483 3499 cum
499 3441 526 3497 in
543 3438 689 3500 Germania
702 3437 851 3514 militaret,
863 3437 974 3498 somnio
990 3437 1127 3496 monitus:

127 3523 233 3585 adstitit
247 3527 275 3584 ei
290 3525 448 3602 quiescenti
463 3521 548 3584 Drusi
562 3521 684 3583 Neronis
699 3521 823 3599 efligies,
840 3523 888 3599 qui
908 3517 1073 3580 Germaniae
1087 3517 1127 3576 la·
