2580 3970
375 249 662 344 ‚rnnnomreus
683 259 828 314 ansam.
860 248 875 283 ⁸
1050 251 1113 316 2⁵7

108 404 156 484 gia
170 403 259 464 luania
273 413 303 466 et
317 421 408 464 saeua
422 413 451 465 et
462 404 562 466 similia
576 403 777 482 redeuntibus,
793 404 859 464 bino
870 402 955 482 plena
969 414 1000 465 et
1013 415 1114 468 onusta

108 497 141 548 et
157 485 250 567 qualia
270 486 366 550 solent
380 489 480 548 venire
497 489 656 566 mittantur,
686 504 886 566 conversoque
898 505 1016 549 munere
1029 490 1113 550 maris

107 571 174 632 bino
189 573 285 650 potius
305 573 383 633 venti
401 571 530 632 ferentes
546 581 576 632 et
590 571 687 632 breuis
704 589 804 632 oureus
819 579 960 650 optentur.
999 569 1112 651 blisum,

108 653 234 734 Caesar,
250 654 407 733 videretur,
422 658 447 716 si
462 655 591 717 desidem
604 656 769 733 Aegyptum
785 663 1004 734 cessantemque
1020 653 1114 715 Nilum

79 737 166 799 buon
181 740 323 801 sensisset
338 738 417 800 urbis
434 755 558 808 annonu;
579 755 653 818 quae
666 740 722 800 tuis
738 739 857 819 opibus,
878 748 925 799 tua
939 755 1007 800 eura
1020 756 1114 817 usque

107 822 178 883 illue
193 821 371 901 redundavit,
389 832 420 883 nt
434 821 517 886 simul
534 822 703 902 probaretur
716 831 746 883 et
760 839 814 883 nos
828 821 963 900 Aegypto
980 839 1069 901 posse
1084 830 1114 882 et

107 905 191 968 nobis
202 905 368 984 Aegyptum
382 922 481 968 oarere
492 921 548 966 non
559 922 658 985 posse.
678 905 783 967 dotum
794 914 856 967 erut
867 904 902 966 de
913 904 1114 966 ieouudissimu

107 989 212 1068 gente,
228 991 253 1051 si
267 989 358 1050 libera
371 989 489 1051 fuisset:
510 989 634 1068 pudebat
650 989 806 1051 sterilitatis
821 988 969 1068 insolitae,
991 1007 1047 1050 nee
1062 989 1112 1050 nri·

107 1089 161 1134 nos
180 1073 369 1135 erubesosbat
380 1072 454 1134 ieme
467 1091 550 1152 quam
566 1074 770 1152 torquebatur,
789 1092 853 1134 eum
867 1074 975 1151 pariter
987 1091 1004 1133 a
1017 1081 1047 1134 te
1062 1091 1111 1132 ne·

61 1159 100 1212 10
108 1156 290 1220 oessitatibus
306 1159 368 1219 elus
382 1157 541 1236 pudorique
557 1158 727 1218 subventum
740 1166 794 1218 est.
831 1157 990 1236 Stupebant
1003 1157 1113 1234 egrico-

107 1241 152 1301 lae
165 1239 252 1319 plena
265 1241 385 1320 borreu,
406 1259 479 1320 quae
499 1257 555 1301 uon
568 1243 623 1321 ipsi
637 1241 842 1318 reiensissent,
867 1241 970 1320 quibus
986 1240 1022 1300 de
1038 1257 1112 1300 eurus

107 1326 152 1405 pis
173 1323 222 1385 illu
243 1324 382 1386 subveotu
395 1326 516 1402 messis,
540 1341 632 1402 quave
645 1325 674 1384 in
687 1324 815 1403 Aegypti
830 1333 912 1403 parte
925 1322 998 1384 alius
1014 1325 1111 1383 aronis.

107 1407 150 1470 lta
163 1408 305 1469 benedoio
319 1418 370 1470 tuo
381 1425 438 1470 neo
452 1407 573 1486 maligna
584 1407 683 1487 tellus,
698 1418 729 1470 et
748 1409 912 1487 obsequens
925 1405 1007 1467 Nilus
1013 1405 1112 1484 Aegy·

62 1501 158 1636 nil
174 1491 917 1655 tili„littiltltltdilliit”ltili
931 1488 1111 1636 iltuit:
1121 1581 1180 1661 n,

106 1662 269 1740 tionemque
282 1661 415 1737 uenisse,
435 1669 586 1740 postquam
601 1661 720 1738 contigit
734 1661 886 1740 prinoeps,
909 1659 957 1738 qui
973 1667 1110 1720 terrarum

108 1742 308 1806 ieeunditatem
318 1760 392 1804 nuno
404 1743 545 1805 huonuno
560 1742 647 1822 illue,
669 1755 699 1806 ut
711 1754 824 1824 tempus
842 1753 871 1804 et
886 1742 1045 1804 necessitas
1060 1757 1111 1819 po·

108 1835 218 1906 soeret,
232 1827 398 1889 transferret
413 1827 605 1906 referretque,
620 1829 668 1906 qui
683 1827 850 1909 diremptam
865 1827 933 1886 mari
950 1834 1066 1904 gentem
1081 1831 1111 1885 ut

109 1919 217 1990 purtem
235 1909 355 1990 aliquam
371 1909 470 1990 populi
486 1909 639 1991 plebisque
654 1910 797 1972 Romanae
813 1909 904 1970 aleret
917 1927 953 1969 ao
967 1906 1110 1969 tueretur!

63 1994 144 2058 nolit
160 1993 242 2056 eaelo
258 1995 370 2074 quidem
385 2011 534 2073 numquam
548 1995 707 2072 benignitus
721 2004 798 2056 tanta
808 2003 838 2054 ut
849 2009 948 2053 omues
961 1991 1042 2052 simul
1054 1999 1110 2051 ter·

107 2097 152 2140 ras
167 2079 280 2142 ubertet
292 2078 457 2158 foveatque:
475 2077 522 2137 hie
534 2078 664 2139 omnibus
678 2079 801 2157 pariter,
818 2078 842 2137 si
852 2093 909 2136 non
920 2074 1109 2152 sterilitatem,

107 2171 135 2224 at
145 2160 216 2222 mala
233 2161 387 2225 sterilitatis
402 2162 548 2224 exturbat:
566 2160 630 2238 bio,
651 2163 676 2222 si
689 2179 746 2222 non
759 2159 980 2237 fecunditatem,
995 2168 1024 2219 at
1036 2156 1111 2217 boun

107 2245 289 2307 ieounditatis
303 2248 441 2324 inportat:
455 2245 503 2306 hio
517 2243 634 2306 alternis
651 2244 854 2306 commeatibus
867 2242 1013 2303 Orientem
1026 2240 1110 2302 Oooi·

109 2329 280 2409 dentemque
301 2332 444 2408 eoueotit,
470 2337 501 2389 ut
516 2347 588 2408 quae
604 2327 698 2390 ierunt
712 2346 844 2408 quaeque
860 2334 998 2406 expetunt
1012 2343 1111 2387 omnes

65 2415 212 2492 regentes
235 2415 357 2475 inuioem
378 2415 507 2493 eupiunt,
535 2422 565 2473 et
584 2412 694 2473 diseunt
710 2421 814 2492 quanto
834 2411 966 2472 libertate
986 2407 1111 2470 discordi

108 2498 298 2560 seruientibus
313 2499 351 2559 sit
364 2498 458 2559 utilius
476 2515 561 2557 unum
575 2515 642 2560 esse
658 2499 703 2559 oui
717 2498 849 2559 seruiunt.
875 2495 989 2573 Quippe
1004 2494 1111 2556 disere·

107 2583 144 2643 tis
165 2582 279 2661 quidem
299 2582 381 2643 bouis
402 2581 524 2643 omnium
545 2599 596 2642 sua
611 2580 798 2661 cuiusquam
815 2579 944 2657 singulos
958 2579 1045 2647 mala;
1064 2593 1111 2638 so·

109 2667 190 2727 oiatis
203 2674 296 2728 auteur
311 2674 396 2744 atque
411 2665 557 2746 permixtis
572 2662 748 2742 singulorum
760 2662 833 2725 mala
846 2663 882 2723 ad
898 2663 1054 2737 nemiuem,
1075 2659 1112 2720 ad

108 2767 207 2810 omnes
223 2751 345 2811 omnium
360 2749 434 2811 bonu
450 2749 601 2828 pertinent.
628 2747 688 2808 Sed
703 2750 767 2809 sive
782 2748 866 2808 terris
881 2746 1009 2807 diviuitas
1024 2761 1111 2822 quae·

65 2833 172 2894 bodam
183 2834 245 2895 siue
262 2833 364 2913 aliquis
378 2833 505 2894 amnibus
521 2834 641 2910 genius,
658 2841 687 2893 et
707 2831 800 2893 solum
814 2828 884 2892 illud
899 2840 930 2891 et
948 2828 1051 2889 flumen
1068 2828 1111 2907 ip·

108 2934 171 2980 sunu
184 2933 290 2996 preeor
303 2925 334 2977 ut
348 2916 402 2978 bao
415 2918 552 2997 prinoipis
567 2916 742 2994 benignitate
758 2923 938 2993 contentum,
952 2912 1032 2974 molli
1046 2929 1112 2990 qre·

108 3003 165 3062 mio
181 3003 287 3063 semina
303 2999 455 3080 recondat,
468 2997 653 3079 multiplieuta
666 3001 806 3062 restituat.
826 2998 891 3059 Non
902 2997 1016 3077 quidem
1026 3012 1111 3073 repo·

108 3087 214 3147 seimus
228 3085 329 3148 lenus:
343 3093 425 3166 putet
442 3093 536 3146 tamen
550 3102 617 3145 esse
628 3083 813 3162 soluendum,
830 3081 1018 3160 iuliaoemque
1028 3079 1111 3138 unius

107 3169 173 3230 anni
194 3168 277 3230 iidem
298 3169 429 3231 omnibus
448 3168 528 3229 anuis
550 3168 737 3248 omnibusque
760 3177 863 3248 postea
888 3165 1012 3227 saeeulis
1033 3169 1111 3224 tanto

64 3254 215 3332 ltmagis,
232 3254 366 3332 quianon
381 3252 537 3331 exigimus,
553 3261 683 3312 exonset.

174 3333 248 3397 Satis
271 3336 376 3397 iaetum
392 3353 447 3416 qua
461 3335 564 3395 oinium
579 3352 635 3414 qua
648 3335 792 3397 seniorum
805 3333 978 3395 utilitatibus.
1011 3331 1110 3392 Visum
1122 3325 1162 3390 33

108 3429 155 3482 est
170 3419 367 3499 speetaouium
381 3419 447 3480 inde
460 3436 516 3480 non
528 3437 634 3480 enerve
645 3437 701 3480 neo
714 3419 836 3497 dunum,
851 3435 908 3478 neo
919 3417 995 3497 quod
1005 3417 1111 3478 animos

108 3503 234 3565 virorum
255 3503 380 3566 molliret
404 3513 433 3565 et
453 3503 613 3583 frangeret,
641 3502 693 3564 sed
714 3502 790 3584 quod
807 3502 842 3563 ed
862 3499 981 3646 puplobra
995 3498 1112 3560 uulnera

152 3593 226 3648 Pnuu
242 3591 292 3648 Er.
