2584 3972
384 285 647 350 EPISTULARUM
661 285 726 349 llll·
749 300 791 353 10.
808 300 851 353 11·
1082 286 1123 352 73

337 537 364 592 C.
383 536 509 590 PLINIUS
525 438 644 590 STATXIO
662 536 779 589 SABINO
797 535 857 588 SUO
877 536 904 591 S.

179 656 288 717 Scribis
309 656 375 716 mibi
395 657 542 734 Sabinam,
564 675 637 737 quae
658 673 711 718 nos
729 656 844 735 reliquit
860 656 999 734 heredes,
1022 653 1146 720 biuda-1

89 751 191 804 tetum
206 756 320 801 servum
334 758 414 801 sunm
434 759 572 819 nusquam
587 741 708 801 liberum
726 758 793 801 esse
812 743 952 819 iussisse,
975 739 1067 800 eidem
1082 749 1122 800 ta·

115 843 183 884 men
203 826 247 884 sio
267 823 458 904 adscripsisse
485 823 611 902 legatum
634 822 779 884 ‘Modesto
805 842 888 902 quent
911 824 1031 885 liberum
1053 842 1121 884 esse

115 909 210 972 iussi.'
241 906 361 981 Quaeris
383 908 450 987 quid
464 911 592 969 sentiam.
625 905 738 968 Gontuli
753 925 816 968 oum
830 908 930 986 peritis
944 909 1023 969 iuris.
1045 905 1146 970 Con-2

115 993 196 1053 venit
209 993 284 1052 iuter
297 1009 396 1052 omnes
407 1010 462 1052 neo
475 991 636 1053 libertatem
650 990 760 1068 deberi,
776 994 911 1070 quianon
926 994 962 1053 sit
977 991 1050 1068 data,
1065 1009 1122 1052 neo

116 1075 260 1153 legatum,
284 1077 350 1154 quia
370 1093 456 1137 seruo
478 1093 531 1137 suo
547 1074 667 1137 dederit.
700 1074 759 1135 Sed
779 1075 845 1135 milri
861 1075 1026 1138 manifestus
1042 1093 1123 1135 error

79 1159 246 1236 lovidetur,
268 1157 392 1238 ideoque
412 1168 482 1238 puto
502 1159 602 1237 nobis,
619 1159 699 1239 quasi
715 1161 864 1238 scripserit
878 1159 1000 1237 Sabina,
1016 1159 1122 1220 facien·

115 1243 183 1303 darn
202 1242 279 1322 quod
301 1245 364 1323 ipsa
377 1244 531 1322 scripsisse
547 1262 580 1304 so
597 1241 727 1304 eredidit.
758 1240 878 1304 Gonfido
892 1260 1077 1305 aooessurnm
1093 1249 1148 1303 tob

115 1328 275 1388 sententiae
290 1345 382 1405 meae,
400 1344 463 1387 oum
477 1326 693 1405 religiosissime
705 1325 802 1388 soleas
814 1325 958 1387 custodiro
972 1326 1121 1386 defuneto·

114 1428 178 1470 rum
191 1409 383 1490 voluntatem,
409 1429 492 1490 quarn
512 1411 595 1472 bonis
616 1409 769 1472 heredibus
789 1409 968 1472 intellexisse
992 1427 1046 1489 pro
1059 1411 1121 1470 iure

116 1504 172 1555 est.
201 1492 304 1573 Neque
324 1495 398 1556 enim
419 1497 509 1556 minus
530 1494 605 1574 apud
624 1513 677 1556 nos
696 1494 833 1555 honestas
855 1512 938 1574 quam
960 1494 1035 1576 apud
1049 1493 1121 1556 alios

78 1579 277 1647 lsneoessitas
295 1577 382 1640 valet.
413 1577 541 1638 Moretur
563 1597 634 1656 ergo
654 1581 682 1639 in
702 1577 835 1639 libertate
850 1580 1008 1641 sinentibus
1027 1579 1150 1656 nobis,s

115 1663 225 1723 fruatur
239 1660 353 1741 legato,
370 1665 449 1742 quasi
465 1663 557 1723 omnia
571 1661 787 1740 diligentissime
805 1665 922 1722 caverit.
953 1661 1034 1726 Cavit
1049 1664 1123 1723 enim

117 1763 191 1824 quae
203 1747 327 1808 heredes
343 1746 417 1808 bene
432 1745 532 1824 elegit.
562 1745 645 1807 Vale.

808 1821 828 1869 Χ
872 1833 880 1871 r

592 1892 633 1953 x,

74 2011 109 2064 ,0
293 1990 636 2043 o.r›n1urnsoonnnn10
655 1991 823 2043 urniorum
840 1953 899 2043 §uo
918 1990 944 2044 a.

180 2110 330 2172 Audistine
349 2111 494 2172 Valerium
514 2112 686 2174 Licinianum
712 2114 741 2174 in
760 2111 857 2173 Sieilia
874 2107 1026 2192 profiteri?
1051 2125 1146 2176 non-1

116 2195 183 2256 dum
199 2203 228 2256 te
242 2205 313 2274 puto
327 2194 456 2265 audisse;
472 2205 518 2258 est
535 2198 609 2258 enim
623 2215 728 2258 recens
744 2197 867 2258 nuntius.
898 2194 1060 2255 Praetorius
1075 2193 1122 2256 bio

115 2279 202 2340 modo
216 2281 289 2340 iuter
303 2278 554 2358 eloquentissimos
572 2298 718 2342 causarum
732 2289 846 2342 actores
860 2278 1031 2355 habebatur,
1047 2297 1124 2339 nono

116 2379 155 2424 eo
170 2362 276 2424 desidit
292 2372 323 2423 ut
339 2363 406 2424 exul
422 2362 458 2424 de
472 2374 622 2442 senatore,
644 2364 743 2426 rhetor
762 2363 798 2424 ds
814 2372 927 2424 oratore
942 2363 1034 2424 lieret.
1066 2361 1147 2427 lus

72 2454 174 2526 utque
196 2448 260 2524 ipse
281 2448 310 2506 in
332 2447 509 2525 praefatione
531 2448 600 2510 dixit
617 2447 749 2510 dolenter
769 2458 798 2509 et
815 2449 941 2526 graviter
957 2452 1043 2525 ‘quos
1061 2447 1122 2524 tibi,

115 2529 256 2607 Fortuna,
278 2529 362 2593 ludos
377 2529 471 2593 faoisi
493 2531 565 2593 fanis
583 2534 659 2593 euim
673 2551 710 2593 ex
728 2533 908 2600 senatoribus
926 2531 1122 2610 professores,

115 2633 156 2676 ex
167 2614 383 2696 professoribus
398 2621 570 2677 senatores?
605 2613 659 2677 Cui
675 2617 835 2678 sententiae
850 2624 957 2676 tanturn
971 2613 1048 2690 bilis,
1063 2624 1123 2674 tan-

114 2709 174 2760 turn
194 2699 383 2760 amaritudinis
404 2701 479 2760 inest
500 2707 532 2761 ut
551 2700 617 2770 mibi
631 2699 760 2762 videatur
774 2699 840 2760 ideo
855 2697 1006 2779 professus
1021 2707 1051 2758 ut
1065 2697 1122 2758 boo

115 2781 237 2844 diceret.
269 2781 363 2861 ldem,
391 2801 456 2844 cunr
472 2781 583 2845 Graeco
603 2783 691 2865 pallio
711 2784 830 2844 amiotus
852 2784 986 2844 intrasset
1007 2781 1147 2860 (narenttt

70 2868 190 2930 merim
210 2877 296 2944 togae
317 2869 378 2928 iure
398 2868 501 2946 quibus
525 2886 598 2947 aqua
618 2876 648 2929 et
666 2869 724 2947 igni
746 2866 926 2928 interdiotuur
941 2865 1021 2944 est),
1041 2874 1123 2945 post·

114 2967 200 3030 ιῐιιιιιιι
215 2969 250 3013 se
271 2953 432 3031 oornposuit
449 2953 711 3033 quoumspexitque
732 2950 857 3012 habitum
878 2966 976 3026 suum,
999 2948 1121 3010 ‘Latine’

113 3033 212 3115 inquid
228 3035 448 3096 ‘declamaturus
464 3041 548 3098 sum!
569 3035 659 3099 Dices
675 3038 765 3098 tristia
776 3045 806 3096 et
817 3033 988 3112 miseranda,
1006 3034 1148 3112 dignums

113 3127 209 3180 umen
228 3118 324 3198 illum,
352 3121 400 3199 qui
420 3119 493 3182 baeu
511 3122 575 3199 ipsa
594 3118 687 3182 studia
706 3121 810 3180 inoesti
831 3119 947 3181 scelere
966 3116 1121 3178 macularit.

115 3201 276 3267 Confessus
295 3213 340 3265 est
355 3203 470 3283 quidem
486 3205 641 3281 moestum,
663 3203 716 3266 sed
731 3206 870 3264 insertum
885 3211 976 3262 utrum
993 3201 1057 3279 qnia
1072 3208 1147 3262 ret

70 3295 177 3350 aarum
193 3296 254 3348 erat
273 3306 308 3348 an
328 3291 393 3367 quin
410 3290 541 3366 graviora
561 3289 722 3365 metuebat,
748 3290 773 3348 si
794 3294 940 3365 negasset.
971 3283 1124 3346 Fremebat

113 3374 191 3434 enirn
204 3370 381 3433 Domitianus
396 3373 599 3452 aestuabatque
616 3373 724 3449 ingenti
745 3371 848 3432 invidia
870 3370 1031 3434 destitutus.
1053 3367 1148 3430 Nsmti

114 3473 180 3516 uum
194 3453 369 3534 corneliam,
384 3456 541 3518 Vestalium
560 3457 722 3534 maximam,
750 3454 889 3517 defodere
909 3456 1002 3514 vivam
1020 3470 1112 3513 eonon

113 3541 225 3619 pisset,
243 3549 274 3601 nt
289 3541 336 3620 qui
351 3539 492 3603 inlustrari
513 3539 659 3602 saeculum
673 3557 754 3602 suurn
769 3537 909 3601 eiusmodi
924 3534 1065 3615 exemplis
1080 3552 1124 3594 ar·
