2584 3972
304 263 569 328 EPISTULARUM
581 262 648 326 1111.
668 274 713 328 24.
727 274 770 328 25.
784 275 827 331 26.
846 273 891 330 27·
1060 267 1101 334 85

104 416 234 476 neminem
255 426 389 495 veretur,
412 438 446 480 se
469 419 632 482 contemnit.
661 417 732 480 lude
747 420 801 480 ista
816 417 936 481 ludibria
951 439 1057 482 scaeua
1072 432 1101 486 et

103 498 205 579 pulpito
221 499 313 579 digna.
349 501 412 576 Quo
428 512 458 564 te
472 497 590 565 nemesi
613 521 687 602 quae
701 502 828 565 remedia
842 503 1014 584 conquiras?
1038 507 1125 569 ubi-5

102 601 152 663 que
162 585 229 646 vitia
242 584 377 647 remediis
392 585 519 648 fortiora.
543 578 641 647 'Aila
656 587 761 649 ταῦτα
777 586 824 671 τῷ
840 577 927 668 ὑπὲρ
945 579 1030 668 ἡμᾶς
1047 610 1101 670 με·

101 660 205 747 λήσει,
228 671 274 730 cni
295 668 412 732 multum
432 671 538 734 cotidie
559 670 735 750 vigiliarum,
759 672 877 733 multum
896 671 1002 734 laboris
1015 674 1101 737 adicit

80 749 166 814 llaec
180 762 277 815 nostra
289 755 366 816 iners
378 764 408 816 et
422 765 517 818 mmen
531 755 667 817 effrenata
682 756 846 836 petulantia.
876 754 958 818 Vale.

540 887 645 950 xxti.

377 988 406 1040 o.
426 988 552 1042 Furnius
571 988 685 1041 norom
703 989 763 1042 suo
783 988 810 1042 s,

152 1088 229 1152 Petis
241 1099 272 1151 ut
286 1089 404 1153 libellos
423 1110 522 1171 meos,
548 1111 621 1172 quos
636 1092 845 1156 studiosissime
860 1095 1038 1172 conparasti,
1054 1096 1126 1156 re-l

65 1174 312 1252 recognoscendos
328 1175 577 1256 emendandosque
591 1195 696 1239 curem.
722 1175 845 1238 Feriam.
870 1175 945 1250 Quid
962 1179 1035 1237 enim
1052 1197 1100 1241 su·

97 1258 204 1338 ccipere
221 1257 358 1322 libentius
379 1259 490 1338 debeo,
514 1271 544 1324 te
563 1262 732 1342 praesertim
753 1258 912 1338 exigente?
940 1258 1011 1321 Nam
1034 1263 1125 1322 eumn

96 1341 134 1400 vir
149 1344 351 1422 monuimus,
366 1343 566 1424 doctissimus,
584 1344 805 1423 disertissimus,
822 1361 912 1422 super
923 1343 996 1405 haee
1012 1362 1100 1407 occu·

96 1429 262 1507 potissimus,
277 1431 415 1490 maximae
427 1432 592 1509 provinciae
606 1429 797 1509 praefuturus,
816 1430 884 1490 tanti
896 1437 981 1508 putes
992 1431 1100 1510 scripta

96 1520 186 1572 nostra
207 1512 396 1575 circumferre
418 1524 532 1593 tecum,
557 1523 662 1593 quanto
691 1530 781 1592 opere
804 1512 871 1574 milri
892 1513 1100 1593 providendum

64 1596 137 1654 locst
148 1615 185 1656 ne
197 1605 229 1658 te
247 1595 321 1659 haec
334 1615 401 1677 pars
415 1600 590 1660 sarcinarum
604 1607 744 1678 tamquam
757 1615 937 1678 supervacua
953 1595 1099 1660 offendat?

97 1676 205 1742 Adnitar
225 1698 316 1759 ergo,
332 1682 454 1762 primum
468 1691 498 1743 ut
523 1683 642 1744 comites
662 1684 734 1744 istos
753 1699 836 1762 mam
855 1681 1125 1745 commodissimos³

96 1761 212 1843 habeas,
235 1763 339 1827 deinde
359 1775 390 1828 ut
409 1784 544 1828 reversus
564 1767 692 1828 invenias
713 1783 787 1846 quos
807 1766 871 1830 istis
894 1764 1000 1828 addere
1013 1765 1097 1827 uelis.

95 1843 189 1927 Neque
210 1850 288 1912 euim
309 1850 494 1912 mediocriter
512 1869 559 1911 me
575 1850 611 1912 ad
625 1867 699 1914 nova
709 1867 799 1930 opera
812 1859 843 1912 tu
857 1849 952 1911 lector
965 1851 1097 1914 hortaris.

96 1927 167 1994 llale.

64 2019 91 2072 ω
531 2065 649 2128 xxvu.

291 2166 319 2222 G.
338 2165 463 2220 PLINIUS
481 2165 620 2218 POMPEIO
636 2164 776 2216 FALGONI
793 2164 853 2217 SUO
872 2163 898 2214 S.

151 2267 265 2332 l'ertius
283 2269 344 2331 dien
367 2268 507 2351 estquod
526 2269 621 2332 audivi
641 2269 810 2330 recitantem
829 2265 956 2328 Sentium
974 2267 1121 2347 liupuni-1

96 2369 154 2412 num
168 2372 234 2415 cum
248 2371 354 2415 summa
368 2371 432 2415 mea
443 2353 603 2433 voluptate,
619 2355 703 2414 immo
716 2353 801 2412 etiam
811 2351 1003 2415 admiratione.
1025 2353 1098 2414 roe-

64 2432 171 2498 idmatia
184 2437 323 2518 appellat.
344 2436 433 2498 llulta
444 2440 583 2516 tenuiter,
608 2436 695 2498 molta
710 2435 886 2513 sublimiter,
908 2438 996 2500 multa
1009 2456 1098 2500 venu-

97 2527 146 2599 ste,
160 2521 249 2584 multa
262 2531 374 2601 tenere,
390 2521 479 2582 multa
495 2520 626 2600 dulciter,
641 2520 728 2582 multa
744 2537 809 2582 eum
826 2520 895 2582 bile.
916 2520 1035 2601 Aliquot
1049 2535 1122 2589 ant

96 2603 134 2663 ris
152 2616 221 2684 puto
243 2605 313 2666 nihil
334 2607 451 2685 generis
471 2605 600 2668 eiusdem
613 2605 771 2668 absolutius
786 2607 935 2686 scriptum,
950 2609 1005 2669 nisi
1022 2607 1098 2670 forte

97 2702 136 2748 me
155 2689 227 2752 fallit
247 2700 295 2752 aut
315 2707 394 2752 amor
415 2691 478 2751 eius
503 2699 550 2752 aut
571 2688 650 2768 quod
670 2693 764 2770 ipsum
785 2708 832 2751 me
856 2689 986 2752 laudibus
1008 2693 1098 2752 rexit.

97 2767 159 2833 llam
176 2774 281 2836 lemma
301 2774 356 2836 sibi
378 2776 499 2853 sumpsit
528 2774 606 2853 quod
632 2791 689 2853 ego
710 2773 849 2836 interdum
868 2775 999 2836 versibus
1021 2772 1125 2839 ludet

65 2852 184 2936 toltque
194 2859 269 2920 adeo
283 2857 379 2920 iudioii
395 2860 495 2919 meite
511 2856 635 2919 iudicem
647 2858 768 2936 faciam,
787 2859 811 2920 si
826 2858 892 2920 mihi
907 2877 945 2920 ex
959 2859 1016 2920 hoc
1030 2861 1096 2939 ipso

96 2934 220 3004 lemmate
240 2941 386 3006 secundus
407 2961 509 3004 versus
533 2944 706 3004 occurrerit:
725 2959 789 3003 nam
810 2952 926 3006 eeteros
946 2954 1045 3023 teneo,
1068 2954 1098 3005 et

97 3021 145 3084 iam
157 3026 292 3107 explicui.

295 3108 385 3174 (lanto
400 3112 523 3173 carmina
537 3111 668 3173 versibus
683 3111 808 3189 minutis,
1102 3123 1121 3176 t

290 3195 335 3257 his
349 3194 418 3256 olim
433 3196 535 3275 quibos
551 3205 581 3258 et
594 3213 675 3256 meus
690 3192 820 3256 Catullus

66 3274 91 3332 ²5
295 3289 325 3341 et
335 3276 442 3342 Galvus
452 3289 636 3359 veteresque.
654 3279 708 3342 sed
719 3279 786 3359 quid
797 3277 910 3340 admei

294 3379 366 3426 uuus
381 3363 489 3426 Plinius
503 3373 548 3427 est
562 3363 629 3425 milri
645 3365 772 3444 priores.

295 3448 402 3510 metult
415 3447 577 3510 versiculos
591 3449 656 3510 loro
671 3447 774 3510 relicto

294 3542 324 3594 et
340 3535 449 3613 quaerit
465 3533 542 3614 qood
556 3543 631 3595 amet
645 3540 782 3614 putatque
796 3530 893 3609 anteri,
