<?xml version="1.0" encoding="UTF-8"?>
<!DOCTYPE html PUBLIC "-//W3C//DTD XHTML 1.0 Transitional//EN"
    "http://www.w3.org/TR/xhtml1/DTD/xhtml1-transitional.dtd">
<html xmlns="http://www.w3.org/1999/xhtml" xml:lang="en" lang="en">
 <head>
  <title>
</title>
<meta http-equiv="Content-Type" content="text/html;charset=utf-8" />
  <meta name='ocr-system' content='tesseract 3.04.00' />
  <meta name='ocr-capabilities' content='ocr_page ocr_carea ocr_par ocr_line ocrx_word'/>
</head>
<body>
  <div class='ocr_page' id='page_1' title='image "./cplinicaecilise05plingoog_0238.png"; bbox 0 0 2604 3972; ppageno 0'>
   <div class='ocr_carea' id='block_1_1' title="bbox 250 299 1115 384">
    <p class='ocr_par' dir='ltr' id='par_1_1' title="bbox 250 299 1115 384">
     <span class='ocr_line' id='line_1_1' title="bbox 250 299 1115 384; baseline 0.008 -23"><span class='ocrx_word' id='word_1_1' title='bbox 250 299 513 363; x_wconf 72' lang='lat' dir='ltr'><strong>EPISTULARUM</strong></span> <span class='ocrx_word' id='word_1_2' title='bbox 526 310 672 366; x_wconf 76' lang='lat' dir='ltr'><strong>an-sa</strong></span> <span class='ocrx_word' id='word_1_3' title='bbox 694 301 846 382; x_wconf 74' lang='lat' dir='ltr'><strong>[sa—ss.</strong></span> <span class='ocrx_word' id='word_1_4' title='bbox 865 305 977 384; x_wconf 74' lang='lat' dir='ltr'><strong>roro]</strong></span> <span class='ocrx_word' id='word_1_5' title='bbox 1052 303 1115 368; x_wconf 70' lang='lat'><strong>207</strong></span> 
     </span>
    </p>
   </div>
   <div class='ocr_carea' id='block_1_2' title="bbox 72 453 1141 1458">
    <p class='ocr_par' dir='ltr' id='par_1_2' title="bbox 111 453 1141 787">
     <span class='ocr_line' id='line_1_2' title="bbox 112 453 1115 534; baseline 0 -18"><span class='ocrx_word' id='word_1_6' title='bbox 112 455 180 516; x_wconf 90' lang='lat' dir='ltr'><strong>mibi</strong></span> <span class='ocrx_word' id='word_1_7' title='bbox 194 465 261 534; x_wconf 85' lang='lat' dir='ltr'><strong>post</strong></span> <span class='ocrx_word' id='word_1_8' title='bbox 279 453 455 514; x_wconf 86' lang='lat' dir='ltr'><strong>consulatum</strong></span> <span class='ocrx_word' id='word_1_9' title='bbox 474 454 664 514; x_wconf 85' lang='lat' dir='ltr'><strong>reverentiam</strong></span> <span class='ocrx_word' id='word_1_10' title='bbox 678 463 804 533; x_wconf 74' lang='lat' dir='ltr'><strong>praestat</strong></span> <span class='ocrx_word' id='word_1_11' title='bbox 821 462 850 514; x_wconf 88' lang='lat' dir='ltr'><strong>et</strong></span> <span class='ocrx_word' id='word_1_12' title='bbox 865 453 996 532; x_wconf 78' lang='lat' dir='ltr'><strong>publicae</strong></span> <span class='ocrx_word' id='word_1_13' title='bbox 1012 472 1115 523; x_wconf 79' lang='lat' dir='ltr'><strong>neees-</strong></span> 
     </span>
     <span class='ocr_line' id='line_1_3' title="bbox 112 536 1141 620; baseline -0.004 -19"><span class='ocrx_word' id='word_1_14' title='bbox 112 537 241 601; x_wconf 89' lang='lat' dir='ltr'><strong>situdiuis</strong></span> <span class='ocrx_word' id='word_1_15' title='bbox 255 541 375 618; x_wconf 76' lang='lat' dir='ltr'><strong>pignera</strong></span> <span class='ocrx_word' id='word_1_16' title='bbox 391 538 510 617; x_wconf 87' lang='lat' dir='ltr'><strong>privatis</strong></span> <span class='ocrx_word' id='word_1_17' title='bbox 531 537 654 598; x_wconf 75' lang='lat' dir='ltr'><strong>cumulat</strong></span> <span class='ocrx_word' id='word_1_18' title='bbox 673 537 785 599; x_wconf 82' lang='lat' dir='ltr'><strong>officiis.</strong></span> <span class='ocrx_word' id='word_1_19' title='bbox 819 536 903 615; x_wconf 75' lang='lat' dir='ltr'><strong>Rogo</strong></span> <span class='ocrx_word' id='word_1_20' title='bbox 918 553 989 616; x_wconf 83' lang='lat' dir='ltr'><strong>ergo</strong></span> <span class='ocrx_word' id='word_1_21' title='bbox 1004 547 1036 598; x_wconf 95' lang='lat' dir='ltr'><strong>ut</strong></span> <span class='ocrx_word' id='word_1_22' title='bbox 1050 541 1141 620; x_wconf 66' lang='lat' dir='ltr'><strong>ipset</strong></span> 
     </span>
     <span class='ocr_line' id='line_1_4' title="bbox 111 621 1115 704; baseline -0.001 -20"><span class='ocrx_word' id='word_1_23' title='bbox 111 623 187 704; x_wconf 91' lang='lat' dir='ltr'><strong>apud</strong></span> <span class='ocrx_word' id='word_1_24' title='bbox 207 632 236 684; x_wconf 90' lang='lat' dir='ltr'><strong>te</strong></span> <span class='ocrx_word' id='word_1_25' title='bbox 258 639 311 702; x_wconf 92' lang='lat' dir='ltr'><strong>pro</strong></span> <span class='ocrx_word' id='word_1_26' title='bbox 333 621 468 700; x_wconf 82' lang='lat' dir='ltr'><strong>dignitate</strong></span> <span class='ocrx_word' id='word_1_27' title='bbox 488 623 550 683; x_wconf 89' lang='lat' dir='ltr'><strong>aius</strong></span> <span class='ocrx_word' id='word_1_28' title='bbox 570 621 705 702; x_wconf 76' lang='lat' dir='ltr'><strong>precibus</strong></span> <span class='ocrx_word' id='word_1_29' title='bbox 727 623 799 683; x_wconf 88' lang='lat' dir='ltr'><strong>meis</strong></span> <span class='ocrx_word' id='word_1_30' title='bbox 818 621 932 699; x_wconf 80' lang='lat' dir='ltr'><strong>faveas,</strong></span> <span class='ocrx_word' id='word_1_31' title='bbox 955 624 1000 683; x_wconf 90' lang='lat' dir='ltr'><strong>oui</strong></span> <span class='ocrx_word' id='word_1_32' title='bbox 1021 631 1066 700; x_wconf 90' lang='lat' dir='ltr'><strong>et,</strong></span> <span class='ocrx_word' id='word_1_33' title='bbox 1090 626 1115 683; x_wconf 88' lang='lat' dir='ltr'><strong>si</strong></span> 
     </span>
     <span class='ocr_line' id='line_1_5' title="bbox 112 704 1115 787; baseline 0.001 -21"><span class='ocrx_word' id='word_1_34' title='bbox 112 707 179 787; x_wconf 91' lang='lat' dir='ltr'><strong>quid</strong></span> <span class='ocrx_word' id='word_1_35' title='bbox 194 706 262 766; x_wconf 90' lang='lat' dir='ltr'><strong>mibi</strong></span> <span class='ocrx_word' id='word_1_36' title='bbox 273 705 377 785; x_wconf 85' lang='lat' dir='ltr'><strong>eredis,</strong></span> <span class='ocrx_word' id='word_1_37' title='bbox 392 704 593 783; x_wconf 74' lang='lat' dir='ltr'><strong>indulgentiam</strong></span> <span class='ocrx_word' id='word_1_38' title='bbox 606 715 683 766; x_wconf 89' lang='lat' dir='ltr'><strong>tuam</strong></span> <span class='ocrx_word' id='word_1_39' title='bbox 697 705 785 766; x_wconf 91' lang='lat' dir='ltr'><strong>dabis.</strong></span> <span class='ocrx_word' id='word_1_40' title='bbox 819 705 904 766; x_wconf 90' lang='lat' dir='ltr'><strong>Dabit</strong></span> <span class='ocrx_word' id='word_1_41' title='bbox 918 707 982 786; x_wconf 89' lang='lat' dir='ltr'><strong>ipse</strong></span> <span class='ocrx_word' id='word_1_42' title='bbox 999 723 1115 784; x_wconf 90' lang='lat' dir='ltr'><strong>operam</strong></span> 
     </span>
    </p>

    <p class='ocr_par' dir='ltr' id='par_1_3' title="bbox 83 788 1140 1204">
     <span class='ocr_line' id='line_1_6' title="bbox 83 788 1114 869; baseline -0.003 -16"><span class='ocrx_word' id='word_1_43' title='bbox 83 800 140 862; x_wconf 74' lang='lat' dir='ltr'><strong>sut</strong></span> <span class='ocrx_word' id='word_1_44' title='bbox 153 793 181 850; x_wconf 93' lang='lat' dir='ltr'><strong>in</strong></span> <span class='ocrx_word' id='word_1_45' title='bbox 196 791 231 850; x_wconf 88' lang='lat' dir='ltr'><strong>iis</strong></span> <span class='ocrx_word' id='word_1_46' title='bbox 246 808 318 869; x_wconf 85' lang='lat' dir='ltr'><strong>quae</strong></span> <span class='ocrx_word' id='word_1_47' title='bbox 336 791 364 850; x_wconf 90' lang='lat' dir='ltr'><strong>ei</strong></span> <span class='ocrx_word' id='word_1_48' title='bbox 384 788 561 850; x_wconf 84' lang='lat' dir='ltr'><strong>mandaveris</strong></span> <span class='ocrx_word' id='word_1_49' title='bbox 582 791 687 850; x_wconf 90' lang='lat' dir='ltr'><strong>maiora</strong></span> <span class='ocrx_word' id='word_1_50' title='bbox 706 798 857 850; x_wconf 88' lang='lat' dir='ltr'><strong>mereatur.</strong></span> <span class='ocrx_word' id='word_1_51' title='bbox 887 790 1049 850; x_wconf 81' lang='lat' dir='ltr'><strong>Parciorem</strong></span> <span class='ocrx_word' id='word_1_52' title='bbox 1069 808 1114 850; x_wconf 92' lang='lat' dir='ltr'><strong>me</strong></span> 
     </span>
     <span class='ocr_line' id='line_1_7' title="bbox 110 871 1114 953; baseline -0.002 -19"><span class='ocrx_word' id='word_1_53' title='bbox 110 877 145 935; x_wconf 91' lang='lat' dir='ltr'><strong>in·</strong></span> <span class='ocrx_word' id='word_1_54' title='bbox 155 873 294 934; x_wconf 87' lang='lat' dir='ltr'><strong>laudando</strong></span> <span class='ocrx_word' id='word_1_55' title='bbox 310 873 378 934; x_wconf 85' lang='lat' dir='ltr'><strong>lauit</strong></span> <span class='ocrx_word' id='word_1_56' title='bbox 399 871 475 953; x_wconf 89' lang='lat' dir='ltr'><strong>quod</strong></span> <span class='ocrx_word' id='word_1_57' title='bbox 497 891 584 952; x_wconf 89' lang='lat' dir='ltr'><strong>spero</strong></span> <span class='ocrx_word' id='word_1_58' title='bbox 604 873 655 934; x_wconf 91' lang='lat' dir='ltr'><strong>tibi</strong></span> <span class='ocrx_word' id='word_1_59' title='bbox 675 881 704 933; x_wconf 90' lang='lat' dir='ltr'><strong>et</strong></span> <span class='ocrx_word' id='word_1_60' title='bbox 718 875 911 951; x_wconf 80' lang='lat' dir='ltr'><strong>integritatem</strong></span> <span class='ocrx_word' id='word_1_61' title='bbox 927 876 988 934; x_wconf 87' lang='lat' dir='ltr'><strong>eius</strong></span> <span class='ocrx_word' id='word_1_62' title='bbox 1003 883 1033 934; x_wconf 92' lang='lat' dir='ltr'><strong>et</strong></span> <span class='ocrx_word' id='word_1_63' title='bbox 1047 891 1114 953; x_wconf 91' lang='lat' dir='ltr'><strong>pro·</strong></span> 
     </span>
     <span class='ocr_line' id='line_1_8' title="bbox 110 955 1114 1036; baseline 0 -18"><span class='ocrx_word' id='word_1_64' title='bbox 110 960 226 1019; x_wconf 90' lang='lat' dir='ltr'><strong>bitatem</strong></span> <span class='ocrx_word' id='word_1_65' title='bbox 237 966 267 1018; x_wconf 90' lang='lat' dir='ltr'><strong>et</strong></span> <span class='ocrx_word' id='word_1_66' title='bbox 280 955 443 1017; x_wconf 83' lang='lat' dir='ltr'><strong>industriam</strong></span> <span class='ocrx_word' id='word_1_67' title='bbox 451 972 509 1017; x_wconf 95' lang='lat' dir='ltr'><strong>non</strong></span> <span class='ocrx_word' id='word_1_68' title='bbox 518 955 609 1018; x_wconf 90' lang='lat' dir='ltr'><strong>solum</strong></span> <span class='ocrx_word' id='word_1_69' title='bbox 619 975 656 1016; x_wconf 81' lang='lat' dir='ltr'><strong>ex</strong></span> <span class='ocrx_word' id='word_1_70' title='bbox 668 958 729 1016; x_wconf 88' lang='lat' dir='ltr'><strong>eius</strong></span> <span class='ocrx_word' id='word_1_71' title='bbox 740 957 907 1035; x_wconf 92' lang='lat' dir='ltr'><strong>bonoribus,</strong></span> <span class='ocrx_word' id='word_1_72' title='bbox 920 975 992 1036; x_wconf 85' lang='lat' dir='ltr'><strong>quos</strong></span> <span class='ocrx_word' id='word_1_73' title='bbox 1004 960 1032 1018; x_wconf 91' lang='lat' dir='ltr'><strong>in</strong></span> <span class='ocrx_word' id='word_1_74' title='bbox 1043 957 1114 1018; x_wconf 91' lang='lat' dir='ltr'><strong>urbe</strong></span> 
     </span>
     <span class='ocr_line' id='line_1_9' title="bbox 111 1040 1115 1119; baseline -0.002 -17"><span class='ocrx_word' id='word_1_75' title='bbox 111 1042 164 1102; x_wconf 85' lang='lat' dir='ltr'><strong>sub</strong></span> <span class='ocrx_word' id='word_1_76' title='bbox 180 1040 272 1102; x_wconf 86' lang='lat' dir='ltr'><strong>oeulis</strong></span> <span class='ocrx_word' id='word_1_77' title='bbox 287 1043 343 1102; x_wconf 90' lang='lat' dir='ltr'><strong>tuis</strong></span> <span class='ocrx_word' id='word_1_78' title='bbox 357 1043 459 1119; x_wconf 77' lang='lat' dir='ltr'><strong>gessit,</strong></span> <span class='ocrx_word' id='word_1_79' title='bbox 474 1058 572 1100; x_wconf 84' lang='lat' dir='ltr'><strong>verum</strong></span> <span class='ocrx_word' id='word_1_80' title='bbox 587 1042 671 1100; x_wconf 88' lang='lat' dir='ltr'><strong>etiam</strong></span> <span class='ocrx_word' id='word_1_81' title='bbox 688 1058 725 1102; x_wconf 84' lang='lat' dir='ltr'><strong>ex</strong></span> <span class='ocrx_word' id='word_1_82' title='bbox 739 1041 902 1113; x_wconf 81' lang='lat' dir='ltr'><strong>commilitio</strong></span> <span class='ocrx_word' id='word_1_83' title='bbox 921 1059 989 1103; x_wconf 88' lang='lat' dir='ltr'><strong>esse</strong></span> <span class='ocrx_word' id='word_1_84' title='bbox 1001 1043 1115 1102; x_wconf 88' lang='lat' dir='ltr'><strong>notissi-</strong></span> 
     </span>
     <span class='ocr_line' id='line_1_10' title="bbox 111 1124 1140 1204; baseline 0.002 -20"><span class='ocrx_word' id='word_1_85' title='bbox 111 1143 191 1186; x_wconf 86' lang='lat' dir='ltr'><strong>mam.</strong></span> <span class='ocrx_word' id='word_1_86' title='bbox 225 1124 299 1185; x_wconf 95' lang='lat' dir='ltr'><strong>lllud</strong></span> <span class='ocrx_word' id='word_1_87' title='bbox 314 1142 416 1200; x_wconf 90' lang='lat' dir='ltr'><strong>unum,</strong></span> <span class='ocrx_word' id='word_1_88' title='bbox 441 1125 517 1204; x_wconf 88' lang='lat' dir='ltr'><strong>quod</strong></span> <span class='ocrx_word' id='word_1_89' title='bbox 539 1134 659 1204; x_wconf 87' lang='lat' dir='ltr'><strong>propter</strong></span> <span class='ocrx_word' id='word_1_90' title='bbox 674 1126 818 1184; x_wconf 82' lang='lat' dir='ltr'><strong>caritatem</strong></span> <span class='ocrx_word' id='word_1_91' title='bbox 834 1127 895 1185; x_wconf 87' lang='lat' dir='ltr'><strong>eius</strong></span> <span class='ocrx_word' id='word_1_92' title='bbox 909 1127 1032 1186; x_wconf 91' lang='lat' dir='ltr'><strong>nondum</strong></span> <span class='ocrx_word' id='word_1_93' title='bbox 1047 1125 1140 1186; x_wconf 67' lang='lat' dir='ltr'><strong>mihis</strong></span> 
     </span>
    </p>

    <p class='ocr_par' dir='ltr' id='par_1_4' title="bbox 72 1208 1115 1458">
     <span class='ocr_line' id='line_1_11' title="bbox 72 1208 1114 1289; baseline 0.002 -21"><span class='ocrx_word' id='word_1_94' title='bbox 72 1210 212 1271; x_wconf 85' lang='lat' dir='ltr'><strong>tovideor</strong></span> <span class='ocrx_word' id='word_1_95' title='bbox 223 1210 292 1269; x_wconf 89' lang='lat' dir='ltr'><strong>satis</strong></span> <span class='ocrx_word' id='word_1_96' title='bbox 306 1208 393 1288; x_wconf 90' lang='lat' dir='ltr'><strong>plene</strong></span> <span class='ocrx_word' id='word_1_97' title='bbox 410 1208 536 1286; x_wconf 85' lang='lat' dir='ltr'><strong>leoisse,</strong></span> <span class='ocrx_word' id='word_1_98' title='bbox 551 1210 635 1268; x_wconf 85' lang='lat' dir='ltr'><strong>etiam</strong></span> <span class='ocrx_word' id='word_1_99' title='bbox 649 1217 734 1288; x_wconf 87' lang='lat' dir='ltr'><strong>atque</strong></span> <span class='ocrx_word' id='word_1_100' title='bbox 751 1210 835 1268; x_wconf 88' lang='lat' dir='ltr'><strong>etiam</strong></span> <span class='ocrx_word' id='word_1_101' title='bbox 849 1209 925 1270; x_wconf 84' lang='lat' dir='ltr'><strong>lanio</strong></span> <span class='ocrx_word' id='word_1_102' title='bbox 940 1218 1044 1289; x_wconf 89' lang='lat' dir='ltr'><strong>teque,</strong></span> <span class='ocrx_word' id='word_1_103' title='bbox 1061 1209 1114 1270; x_wconf 95' lang='lat' dir='ltr'><strong>do-</strong></span> 
     </span>
     <span class='ocr_line' id='line_1_12' title="bbox 110 1291 1115 1372; baseline -0.002 -18"><span class='ocrx_word' id='word_1_104' title='bbox 110 1296 202 1370; x_wconf 88' lang='lat' dir='ltr'><strong>mine,</strong></span> <span class='ocrx_word' id='word_1_105' title='bbox 224 1309 297 1370; x_wconf 81' lang='lat' dir='ltr'><strong>rogo</strong></span> <span class='ocrx_word' id='word_1_106' title='bbox 312 1291 437 1371; x_wconf 77' lang='lat' dir='ltr'><strong>gaudere</strong></span> <span class='ocrx_word' id='word_1_107' title='bbox 452 1310 498 1352; x_wconf 87' lang='lat' dir='ltr'><strong>me</strong></span> <span class='ocrx_word' id='word_1_108' title='bbox 514 1301 647 1352; x_wconf 82' lang='lat' dir='ltr'><strong>exornata</strong></span> <span class='ocrx_word' id='word_1_109' title='bbox 663 1294 823 1371; x_wconf 79' lang='lat' dir='ltr'><strong>quaestoris</strong></span> <span class='ocrx_word' id='word_1_110' title='bbox 840 1294 896 1352; x_wconf 91' lang='lat' dir='ltr'><strong>mei</strong></span> <span class='ocrx_word' id='word_1_111' title='bbox 912 1292 1064 1372; x_wconf 78' lang='lat' dir='ltr'><strong>dignitate,</strong></span> <span class='ocrx_word' id='word_1_112' title='bbox 1086 1293 1115 1352; x_wconf 95' lang='lat' dir='ltr'><strong>id</strong></span> 
     </span>
     <span class='ocr_line' id='line_1_13' title="bbox 112 1376 813 1458; baseline 0 -22"><span class='ocrx_word' id='word_1_113' title='bbox 112 1387 158 1438; x_wconf 88' lang='lat' dir='ltr'><strong>est</strong></span> <span class='ocrx_word' id='word_1_114' title='bbox 172 1395 225 1458; x_wconf 89' lang='lat' dir='ltr'><strong>per</strong></span> <span class='ocrx_word' id='word_1_115' title='bbox 242 1376 321 1436; x_wconf 88' lang='lat' dir='ltr'><strong>illum</strong></span> <span class='ocrx_word' id='word_1_116' title='bbox 336 1394 410 1455; x_wconf 89' lang='lat' dir='ltr'><strong>mea,</strong></span> <span class='ocrx_word' id='word_1_117' title='bbox 430 1393 513 1456; x_wconf 84' lang='lat' dir='ltr'><strong>quarn</strong></span> <span class='ocrx_word' id='word_1_118' title='bbox 527 1377 715 1436; x_wconf 79' lang='lat' dir='ltr'><strong>maturissime</strong></span> <span class='ocrx_word' id='word_1_119' title='bbox 730 1376 813 1436; x_wconf 85' lang='lat' dir='ltr'><strong>velis.</strong></span> 
     </span>
    </p>
   </div>
   <div class='ocr_carea' id='block_1_3' title="bbox 70 1507 990 1680">
    <p class='ocr_par' dir='ltr' id='par_1_5' title="bbox 70 1507 990 1680">
     <span class='ocr_line' id='line_1_14' title="bbox 464 1507 990 1604; baseline -0.002 -34"><span class='ocrx_word' id='word_1_120' title='bbox 464 1507 580 1570; x_wconf 85' lang='lat' dir='ltr'><strong>xxvii.</strong></span> <span class='ocrx_word' id='word_1_121' title='bbox 606 1507 758 1590; x_wconf 78' lang='lat' dir='ltr'><strong>[xxxm]</strong></span> <span class='ocrx_word' id='word_1_122' title='bbox 988 1596 990 1604; x_wconf 23' lang='grc' dir='ltr'>Ι</span> 
     </span>
     <span class='ocr_line' id='line_1_15' title="bbox 70 1608 887 1680; baseline -0.002 -19"><span class='ocrx_word' id='word_1_123' title='bbox 70 1627 102 1680; x_wconf 82' lang='lat'><strong>15</strong></span> <span class='ocrx_word' id='word_1_124' title='bbox 336 1610 364 1661; x_wconf 92' lang='lat' dir='ltr'><strong>o.</strong></span> <span class='ocrx_word' id='word_1_125' title='bbox 381 1608 887 1662; x_wconf 77' lang='lat' dir='ltr'><strong>ruimusuasranomnuaaronr.</strong></span> 
     </span>
    </p>
   </div>
   <div class='ocr_carea' id='block_1_4' title="bbox 68 1710 1116 2377">
    <p class='ocr_par' dir='ltr' id='par_1_6' title="bbox 111 1710 1115 2041">
     <span class='ocr_line' id='line_1_16' title="bbox 175 1710 1114 1792; baseline 0 -21"><span class='ocrx_word' id='word_1_126' title='bbox 175 1710 330 1789; x_wconf 77' lang='lat' dir='ltr'><strong>Maximus,</strong></span> <span class='ocrx_word' id='word_1_127' title='bbox 351 1712 471 1773; x_wconf 89' lang='lat' dir='ltr'><strong>libertus</strong></span> <span class='ocrx_word' id='word_1_128' title='bbox 486 1722 515 1773; x_wconf 89' lang='lat' dir='ltr'><strong>et</strong></span> <span class='ocrx_word' id='word_1_129' title='bbox 526 1721 695 1791; x_wconf 78' lang='lat' dir='ltr'><strong>procurator</strong></span> <span class='ocrx_word' id='word_1_130' title='bbox 709 1723 784 1790; x_wconf 87' lang='lat' dir='ltr'><strong>tuus,</strong></span> <span class='ocrx_word' id='word_1_131' title='bbox 798 1712 921 1791; x_wconf 91' lang='lat' dir='ltr'><strong>domine,</strong></span> <span class='ocrx_word' id='word_1_132' title='bbox 937 1719 1051 1792; x_wconf 86' lang='lat' dir='ltr'><strong>praeter</strong></span> <span class='ocrx_word' id='word_1_133' title='bbox 1064 1710 1114 1771; x_wconf 89' lang='lat' dir='ltr'><strong>de·</strong></span> 
     </span>
     <span class='ocr_line' id='line_1_17' title="bbox 112 1795 1113 1876; baseline 0 -20"><span class='ocrx_word' id='word_1_134' title='bbox 112 1814 175 1856; x_wconf 88' lang='lat' dir='ltr'><strong>oem</strong></span> <span class='ocrx_word' id='word_1_135' title='bbox 189 1797 398 1874; x_wconf 78' lang='lat' dir='ltr'><strong>beneficiarios,</strong></span> <span class='ocrx_word' id='word_1_136' title='bbox 413 1813 486 1876; x_wconf 84' lang='lat' dir='ltr'><strong>quos</strong></span> <span class='ocrx_word' id='word_1_137' title='bbox 500 1797 640 1875; x_wconf 80' lang='lat' dir='ltr'><strong>adsignari</strong></span> <span class='ocrx_word' id='word_1_138' title='bbox 653 1814 725 1856; x_wconf 89' lang='lat' dir='ltr'><strong>ame</strong></span> <span class='ocrx_word' id='word_1_139' title='bbox 737 1795 904 1872; x_wconf 83' lang='lat' dir='ltr'><strong>Gemellino,</strong></span> <span class='ocrx_word' id='word_1_140' title='bbox 921 1798 1028 1874; x_wconf 90' lang='lat' dir='ltr'><strong>optimo</strong></span> <span class='ocrx_word' id='word_1_141' title='bbox 1040 1798 1113 1874; x_wconf 84' lang='lat' dir='ltr'><strong>viro,</strong></span> 
     </span>
     <span class='ocr_line' id='line_1_18' title="bbox 111 1879 1115 1960; baseline 0 -20"><span class='ocrx_word' id='word_1_142' title='bbox 111 1882 235 1958; x_wconf 89' lang='lat' dir='ltr'><strong>iussisti,</strong></span> <span class='ocrx_word' id='word_1_143' title='bbox 257 1881 311 1942; x_wconf 91' lang='lat' dir='ltr'><strong>sibi</strong></span> <span class='ocrx_word' id='word_1_144' title='bbox 332 1897 447 1960; x_wconf 85' lang='lat' dir='ltr'><strong>quoque</strong></span> <span class='ocrx_word' id='word_1_145' title='bbox 468 1879 614 1941; x_wconf 86' lang='lat' dir='ltr'><strong>oondrmat</strong></span> <span class='ocrx_word' id='word_1_146' title='bbox 633 1881 816 1941; x_wconf 83' lang='lat' dir='ltr'><strong>necessarios</strong></span> <span class='ocrx_word' id='word_1_147' title='bbox 837 1897 903 1940; x_wconf 88' lang='lat' dir='ltr'><strong>esse</strong></span> <span class='ocrx_word' id='word_1_148' title='bbox 922 1879 1036 1940; x_wconf 85' lang='lat' dir='ltr'><strong>milites.</strong></span> <span class='ocrx_word' id='word_1_149' title='bbox 1069 1879 1115 1940; x_wconf 82' lang='lat' dir='ltr'><strong>Ex</strong></span> 
     </span>
     <span class='ocr_line' id='line_1_19' title="bbox 112 1963 1114 2041; baseline -0.001 -17"><span class='ocrx_word' id='word_1_150' title='bbox 112 1963 157 2025; x_wconf 88' lang='lat' dir='ltr'><strong>bis</strong></span> <span class='ocrx_word' id='word_1_151' title='bbox 178 1965 290 2024; x_wconf 88' lang='lat' dir='ltr'><strong>interim</strong></span> <span class='ocrx_word' id='word_1_152' title='bbox 369 2008 400 2041; x_wconf 93' lang='lat'><strong>.,</strong></span> <span class='ocrx_word' id='word_1_153' title='bbox 422 1965 497 2024; x_wconf 84' lang='lat' dir='ltr'><strong>siout</strong></span> <span class='ocrx_word' id='word_1_154' title='bbox 517 1965 694 2040; x_wconf 88' lang='lat' dir='ltr'><strong>inveneram,</strong></span> <span class='ocrx_word' id='word_1_155' title='bbox 721 1966 751 2025; x_wconf 91' lang='lat' dir='ltr'><strong>in</strong></span> <span class='ocrx_word' id='word_1_156' title='bbox 769 1963 925 2023; x_wconf 85' lang='lat' dir='ltr'><strong>ministerio</strong></span> <span class='ocrx_word' id='word_1_157' title='bbox 946 1965 1008 2023; x_wconf 88' lang='lat' dir='ltr'><strong>eius</strong></span> <span class='ocrx_word' id='word_1_158' title='bbox 1029 1963 1114 2023; x_wconf 90' lang='lat' dir='ltr'><strong>relin-</strong></span> 
     </span>
    </p>

    <p class='ocr_par' dir='ltr' id='par_1_7' title="bbox 68 2045 1116 2377">
     <span class='ocr_line' id='line_1_20' title="bbox 68 2045 1116 2127; baseline -0.002 -19"><span class='ocrx_word' id='word_1_159' title='bbox 68 2046 430 2127; x_wconf 77' lang='lat' dir='ltr'><strong>soquendosexistinavi,</strong></span> <span class='ocrx_word' id='word_1_160' title='bbox 452 2047 621 2125; x_wconf 89' lang='lat' dir='ltr'><strong>praesertim</strong></span> <span class='ocrx_word' id='word_1_161' title='bbox 639 2064 704 2106; x_wconf 87' lang='lat' dir='ltr'><strong>oum</strong></span> <span class='ocrx_word' id='word_1_162' title='bbox 723 2045 759 2106; x_wconf 88' lang='lat' dir='ltr'><strong>ad</strong></span> <span class='ocrx_word' id='word_1_163' title='bbox 774 2045 944 2107; x_wconf 84' lang='lat' dir='ltr'><strong>frumentum</strong></span> <span class='ocrx_word' id='word_1_164' title='bbox 959 2064 1116 2125; x_wconf 89' lang='lat' dir='ltr'><strong>oonparau·</strong></span> 
     </span>
     <span class='ocr_line' id='line_1_21' title="bbox 113 2127 1115 2210; baseline -0.004 -18"><span class='ocrx_word' id='word_1_165' title='bbox 113 2131 178 2193; x_wconf 92' lang='lat' dir='ltr'><strong>dum</strong></span> <span class='ocrx_word' id='word_1_166' title='bbox 191 2133 246 2193; x_wconf 89' lang='lat' dir='ltr'><strong>iret</strong></span> <span class='ocrx_word' id='word_1_167' title='bbox 259 2134 288 2192; x_wconf 89' lang='lat' dir='ltr'><strong>in</strong></span> <span class='ocrx_word' id='word_1_168' title='bbox 302 2130 529 2210; x_wconf 81' lang='lat' dir='ltr'><strong>Paphlagoniam.</strong></span> <span class='ocrx_word' id='word_1_169' title='bbox 558 2127 633 2203; x_wconf 81' lang='lat' dir='ltr'><strong>Quin</strong></span> <span class='ocrx_word' id='word_1_170' title='bbox 647 2132 731 2190; x_wconf 86' lang='lat' dir='ltr'><strong>etiam</strong></span> <span class='ocrx_word' id='word_1_171' title='bbox 746 2128 851 2190; x_wconf 89' lang='lat' dir='ltr'><strong>tutelae</strong></span> <span class='ocrx_word' id='word_1_172' title='bbox 869 2147 971 2208; x_wconf 85' lang='lat' dir='ltr'><strong>eausa,</strong></span> <span class='ocrx_word' id='word_1_173' title='bbox 994 2131 1059 2207; x_wconf 87' lang='lat' dir='ltr'><strong>quia</strong></span> <span class='ocrx_word' id='word_1_174' title='bbox 1076 2131 1115 2191; x_wconf 91' lang='lat' dir='ltr'><strong>ita</strong></span> 
     </span>
     <span class='ocr_line' id='line_1_22' title="bbox 112 2212 1115 2294; baseline -0.002 -18"><span class='ocrx_word' id='word_1_175' title='bbox 112 2215 309 2294; x_wconf 86' lang='lat' dir='ltr'><strong>desiderabat,</strong></span> <span class='ocrx_word' id='word_1_176' title='bbox 327 2214 421 2277; x_wconf 90' lang='lat' dir='ltr'><strong>addidi</strong></span> <span class='ocrx_word' id='word_1_177' title='bbox 442 2214 513 2275; x_wconf 91' lang='lat' dir='ltr'><strong>duos</strong></span> <span class='ocrx_word' id='word_1_178' title='bbox 528 2215 649 2292; x_wconf 88' lang='lat' dir='ltr'><strong>equites.</strong></span> <span class='ocrx_word' id='word_1_179' title='bbox 678 2213 711 2274; x_wconf 97' lang='lat' dir='ltr'><strong>ln</strong></span> <span class='ocrx_word' id='word_1_180' title='bbox 727 2213 850 2274; x_wconf 82' lang='lat' dir='ltr'><strong>futurum</strong></span> <span class='ocrx_word' id='word_1_181' title='bbox 864 2212 931 2293; x_wconf 87' lang='lat' dir='ltr'><strong>quid</strong></span> <span class='ocrx_word' id='word_1_182' title='bbox 946 2213 1053 2274; x_wconf 83' lang='lat' dir='ltr'><strong>servari</strong></span> <span class='ocrx_word' id='word_1_183' title='bbox 1065 2232 1115 2274; x_wconf 84' lang='lat' dir='ltr'><strong>ve·</strong></span> 
     </span>
     <span class='ocr_line' id='line_1_23' title="bbox 111 2300 403 2377; baseline -0.014 -16"><span class='ocrx_word' id='word_1_184' title='bbox 111 2300 149 2361; x_wconf 88' lang='lat' dir='ltr'><strong>lis</strong></span> <span class='ocrx_word' id='word_1_185' title='bbox 163 2315 235 2377; x_wconf 78' lang='lat' dir='ltr'><strong>rogo</strong></span> <span class='ocrx_word' id='word_1_186' title='bbox 250 2300 403 2362; x_wconf 80' lang='lat' dir='ltr'><strong>rescribas.</strong></span> 
     </span>
    </p>
   </div>
   <div class='ocr_carea' id='block_1_5' title="bbox 67 2429 792 2582">
    <p class='ocr_par' dir='ltr' id='par_1_8' title="bbox 67 2429 792 2582">
     <span class='ocr_line' id='line_1_24' title="bbox 67 2429 769 2524; baseline -0.003 -30"><span class='ocrx_word' id='word_1_187' title='bbox 67 2471 102 2524; x_wconf 70' lang='lat' dir='ltr'><strong>aa</strong></span> <span class='ocrx_word' id='word_1_188' title='bbox 455 2429 769 2510; x_wconf 60' lang='lat' dir='ltr'><strong>xxvrrrrxxxvu.)</strong></span> 
     </span>
     <span class='ocr_line' id='line_1_25' title="bbox 433 2528 792 2582; baseline -0.003 -2"><span class='ocrx_word' id='word_1_189' title='bbox 433 2531 596 2582; x_wconf 80' lang='lat' dir='ltr'><strong>TRAIANUS</strong></span> <span class='ocrx_word' id='word_1_190' title='bbox 630 2530 738 2582; x_wconf 87' lang='lat' dir='ltr'><strong>PLINIO</strong></span> <span class='ocrx_word' id='word_1_191' title='bbox 766 2528 792 2580; x_wconf 84' lang='lat' dir='ltr'><strong>S.</strong></span> 
     </span>
    </p>
   </div>
   <div class='ocr_carea' id='block_1_6' title="bbox 69 2629 1117 3048">
    <p class='ocr_par' dir='ltr' id='par_1_9' title="bbox 111 2629 1116 2883">
     <span class='ocr_line' id='line_1_26' title="bbox 174 2629 1115 2715; baseline -0.006 -19"><span class='ocrx_word' id='word_1_192' title='bbox 174 2635 256 2697; x_wconf 86' lang='lat' dir='ltr'><strong>Nune</strong></span> <span class='ocrx_word' id='word_1_193' title='bbox 277 2635 390 2715; x_wconf 81' lang='lat' dir='ltr'><strong>quidem</strong></span> <span class='ocrx_word' id='word_1_194' title='bbox 411 2635 643 2715; x_wconf 76' lang='lat' dir='ltr'><strong>proticiscentem</strong></span> <span class='ocrx_word' id='word_1_195' title='bbox 663 2631 698 2692; x_wconf 92' lang='lat' dir='ltr'><strong>ad</strong></span> <span class='ocrx_word' id='word_1_196' title='bbox 720 2632 947 2712; x_wconf 83' lang='lat' dir='ltr'><strong>conparationem</strong></span> <span class='ocrx_word' id='word_1_197' title='bbox 961 2629 1115 2691; x_wconf 85' lang='lat' dir='ltr'><strong>frumento·</strong></span> 
     </span>
     <span class='ocr_line' id='line_1_27' title="bbox 111 2714 1114 2798; baseline -0.008 -17"><span class='ocrx_word' id='word_1_198' title='bbox 111 2737 173 2780; x_wconf 90' lang='lat' dir='ltr'><strong>rum</strong></span> <span class='ocrx_word' id='word_1_199' title='bbox 194 2718 361 2798; x_wconf 80' lang='lat' dir='ltr'><strong>Maximum,</strong></span> <span class='ocrx_word' id='word_1_200' title='bbox 389 2719 521 2780; x_wconf 85' lang='lat' dir='ltr'><strong>libertum</strong></span> <span class='ocrx_word' id='word_1_201' title='bbox 547 2731 657 2793; x_wconf 89' lang='lat' dir='ltr'><strong>meum,</strong></span> <span class='ocrx_word' id='word_1_202' title='bbox 682 2725 765 2776; x_wconf 86' lang='lat' dir='ltr'><strong>reote</strong></span> <span class='ocrx_word' id='word_1_203' title='bbox 791 2714 923 2776; x_wconf 88' lang='lat' dir='ltr'><strong>militibus</strong></span> <span class='ocrx_word' id='word_1_204' title='bbox 950 2716 1114 2776; x_wconf 80' lang='lat' dir='ltr'><strong>instruxisti.</strong></span> 
     </span>
     <span class='ocr_line' id='line_1_28' title="bbox 111 2795 1116 2883; baseline -0.006 -19"><span class='ocrx_word' id='word_1_205' title='bbox 111 2802 295 2883; x_wconf 76' lang='lat' dir='ltr'><strong>Fungebatur</strong></span> <span class='ocrx_word' id='word_1_206' title='bbox 306 2804 382 2864; x_wconf 88' lang='lat' dir='ltr'><strong>enim</strong></span> <span class='ocrx_word' id='word_1_207' title='bbox 402 2813 431 2864; x_wconf 91' lang='lat' dir='ltr'><strong>et</strong></span> <span class='ocrx_word' id='word_1_208' title='bbox 449 2804 514 2883; x_wconf 90' lang='lat' dir='ltr'><strong>ipse</strong></span> <span class='ocrx_word' id='word_1_209' title='bbox 528 2799 748 2860; x_wconf 86' lang='lat' dir='ltr'><strong>extraordinario</strong></span> <span class='ocrx_word' id='word_1_210' title='bbox 764 2815 892 2859; x_wconf 85' lang='lat' dir='ltr'><strong>munere.</strong></span> <span class='ocrx_word' id='word_1_211' title='bbox 921 2795 992 2859; x_wconf 85' lang='lat' dir='ltr'><strong>Gom</strong></span> <span class='ocrx_word' id='word_1_212' title='bbox 1007 2796 1042 2858; x_wconf 92' lang='lat' dir='ltr'><strong>ad</strong></span> <span class='ocrx_word' id='word_1_213' title='bbox 1059 2799 1116 2876; x_wconf 89' lang='lat' dir='ltr'><strong>pri·</strong></span> 
     </span>
    </p>

    <p class='ocr_par' dir='ltr' id='par_1_10' title="bbox 69 2880 1117 3048">
     <span class='ocr_line' id='line_1_29' title="bbox 69 2880 1117 2962; baseline -0.006 -14"><span class='ocrx_word' id='word_1_214' title='bbox 69 2890 216 2949; x_wconf 77' lang='lat' dir='ltr'><strong>tostinum</strong></span> <span class='ocrx_word' id='word_1_215' title='bbox 229 2898 323 2950; x_wconf 88' lang='lat' dir='ltr'><strong>aetum</strong></span> <span class='ocrx_word' id='word_1_216' title='bbox 337 2905 471 2948; x_wconf 84' lang='lat' dir='ltr'><strong>reversus</strong></span> <span class='ocrx_word' id='word_1_217' title='bbox 486 2886 583 2962; x_wconf 85' lang='lat' dir='ltr'><strong>fuerit,</strong></span> <span class='ocrx_word' id='word_1_218' title='bbox 599 2883 743 2946; x_wconf 74' lang='lat' dir='ltr'><strong>sufficient</strong></span> <span class='ocrx_word' id='word_1_219' title='bbox 751 2882 792 2943; x_wconf 93' lang='lat' dir='ltr'><strong>illi</strong></span> <span class='ocrx_word' id='word_1_220' title='bbox 804 2881 859 2942; x_wconf 93' lang='lat' dir='ltr'><strong>duo</strong></span> <span class='ocrx_word' id='word_1_221' title='bbox 874 2900 891 2943; x_wconf 92' lang='lat' dir='ltr'><strong>a</strong></span> <span class='ocrx_word' id='word_1_222' title='bbox 905 2891 935 2943; x_wconf 88' lang='lat' dir='ltr'><strong>te</strong></span> <span class='ocrx_word' id='word_1_223' title='bbox 946 2880 1002 2942; x_wconf 92' lang='lat' dir='ltr'><strong>dati</strong></span> <span class='ocrx_word' id='word_1_224' title='bbox 1013 2880 1117 2942; x_wconf 87' lang='lat' dir='ltr'><strong>milites</strong></span> 
     </span>
     <span class='ocr_line' id='line_1_30' title="bbox 112 2965 1117 3048; baseline -0.011 -13"><span class='ocrx_word' id='word_1_225' title='bbox 112 2984 141 3035; x_wconf 86' lang='lat' dir='ltr'><strong>et</strong></span> <span class='ocrx_word' id='word_1_226' title='bbox 157 2971 274 3034; x_wconf 85' lang='lat' dir='ltr'><strong>totidem</strong></span> <span class='ocrx_word' id='word_1_227' title='bbox 289 2971 415 3034; x_wconf 89' lang='lat' dir='ltr'><strong>aVirdio</strong></span> <span class='ocrx_word' id='word_1_228' title='bbox 428 2969 599 3048; x_wconf 81' lang='lat' dir='ltr'><strong>Gemellino,</strong></span> <span class='ocrx_word' id='word_1_229' title='bbox 616 2975 799 3048; x_wconf 82' lang='lat' dir='ltr'><strong>procuratore</strong></span> <span class='ocrx_word' id='word_1_230' title='bbox 810 2983 886 3044; x_wconf 87' lang='lat' dir='ltr'><strong>meo,</strong></span> <span class='ocrx_word' id='word_1_231' title='bbox 902 2965 1117 3046; x_wconf 86' lang='lat' dir='ltr'><strong>quemadiuvat.</strong></span> 
     </span>
    </p>
   </div>
   <div class='ocr_carea' id='block_1_7' title="bbox 333 3101 896 3264">
    <p class='ocr_par' dir='ltr' id='par_1_11' title="bbox 333 3101 896 3264">
     <span class='ocr_line' id='line_1_31' title="bbox 441 3101 792 3183; baseline -0.006 -19"><span class='ocrx_word' id='word_1_232' title='bbox 441 3103 588 3164; x_wconf 81' lang='lat' dir='ltr'><strong>xxvrm</strong></span> <span class='ocrx_word' id='word_1_233' title='bbox 611 3101 792 3183; x_wconf 67' lang='lat' dir='ltr'><strong>lxxxvrup</strong></span> 
     </span>
     <span class='ocr_line' id='line_1_32' title="bbox 333 3202 896 3264; baseline -0.002 -9"><span class='ocrx_word' id='word_1_234' title='bbox 333 3204 360 3260; x_wconf 80' lang='lat' dir='ltr'><strong>G.</strong></span> <span class='ocrx_word' id='word_1_235' title='bbox 379 3204 505 3257; x_wconf 85' lang='lat' dir='ltr'>PLINIUS</span> <span class='ocrx_word' id='word_1_236' title='bbox 524 3203 669 3255; x_wconf 77' lang='lat' dir='ltr'><strong>TRAIANO</strong></span> <span class='ocrx_word' id='word_1_237' title='bbox 688 3202 896 3264; x_wconf 76' lang='lat' dir='ltr'><strong>IMPERATORI.</strong></span> 
     </span>
    </p>
   </div>
   <div class='ocr_carea' id='block_1_8' title="bbox 70 3301 1144 3641">
    <p class='ocr_par' dir='ltr' id='par_1_12' title="bbox 70 3301 1144 3641">
     <span class='ocr_line' id='line_1_33' title="bbox 70 3301 1141 3388; baseline -0.009 -15"><span class='ocrx_word' id='word_1_238' title='bbox 70 3316 103 3373; x_wconf 75' lang='lat' dir='ltr'><strong>db</strong></span> <span class='ocrx_word' id='word_1_239' title='bbox 177 3308 363 3388; x_wconf 89' lang='lat' dir='ltr'><strong>Sempronius</strong></span> <span class='ocrx_word' id='word_1_240' title='bbox 375 3305 542 3385; x_wconf 80' lang='lat' dir='ltr'><strong>Caelianus,</strong></span> <span class='ocrx_word' id='word_1_241' title='bbox 559 3309 693 3386; x_wconf 76' lang='lat' dir='ltr'><strong>egregius</strong></span> <span class='ocrx_word' id='word_1_242' title='bbox 705 3306 832 3382; x_wconf 85' lang='lat' dir='ltr'><strong>iuvenis,</strong></span> <span class='ocrx_word' id='word_1_243' title='bbox 849 3309 981 3382; x_wconf 85' lang='lat' dir='ltr'><strong>repertos</strong></span> <span class='ocrx_word' id='word_1_244' title='bbox 996 3302 1070 3360; x_wconf 88' lang='lat' dir='ltr'><strong>inter</strong></span> <span class='ocrx_word' id='word_1_245' title='bbox 1082 3301 1141 3363; x_wconf 90' lang='lat' dir='ltr'><strong>ti-1</strong></span> 
     </span>
     <span class='ocr_line' id='line_1_34' title="bbox 112 3382 1118 3468; baseline -0.01 -13"><span class='ocrx_word' id='word_1_246' title='bbox 112 3410 200 3455; x_wconf 81' lang='lat' dir='ltr'><strong>sones</strong></span> <span class='ocrx_word' id='word_1_247' title='bbox 222 3391 294 3454; x_wconf 94' lang='lat' dir='ltr'><strong>duos</strong></span> <span class='ocrx_word' id='word_1_248' title='bbox 315 3409 417 3453; x_wconf 81' lang='lat' dir='ltr'><strong>servos</strong></span> <span class='ocrx_word' id='word_1_249' title='bbox 436 3393 512 3454; x_wconf 90' lang='lat' dir='ltr'><strong>misit</strong></span> <span class='ocrx_word' id='word_1_250' title='bbox 532 3390 567 3452; x_wconf 93' lang='lat' dir='ltr'><strong>ad</strong></span> <span class='ocrx_word' id='word_1_251' title='bbox 585 3409 647 3460; x_wconf 87' lang='lat' dir='ltr'><strong>me;</strong></span> <span class='ocrx_word' id='word_1_252' title='bbox 669 3407 788 3468; x_wconf 86' lang='lat' dir='ltr'><strong>quorum</strong></span> <span class='ocrx_word' id='word_1_253' title='bbox 802 3403 859 3466; x_wconf 81' lang='lat' dir='ltr'><strong>ego</strong></span> <span class='ocrx_word' id='word_1_254' title='bbox 875 3384 1046 3465; x_wconf 74' lang='lat' dir='ltr'><strong>supplicium</strong></span> <span class='ocrx_word' id='word_1_255' title='bbox 1060 3382 1118 3445; x_wconf 93' lang='lat' dir='ltr'><strong>dis·</strong></span> 
     </span>
     <span class='ocr_line' id='line_1_35' title="bbox 111 3471 1118 3554; baseline -0.012 -17"><span class='ocrx_word' id='word_1_256' title='bbox 111 3477 180 3554; x_wconf 88' lang='lat' dir='ltr'><strong>toli,</strong></span> <span class='ocrx_word' id='word_1_257' title='bbox 203 3486 233 3538; x_wconf 93' lang='lat' dir='ltr'><strong>ut</strong></span> <span class='ocrx_word' id='word_1_258' title='bbox 253 3485 284 3537; x_wconf 89' lang='lat' dir='ltr'><strong>te</strong></span> <span class='ocrx_word' id='word_1_259' title='bbox 298 3476 476 3538; x_wconf 76' lang='lat' dir='ltr'><strong>conditorem</strong></span> <span class='ocrx_word' id='word_1_260' title='bbox 490 3473 656 3553; x_wconf 86' lang='lat' dir='ltr'><strong>disciplinae</strong></span> <span class='ocrx_word' id='word_1_261' title='bbox 670 3473 795 3534; x_wconf 85' lang='lat' dir='ltr'><strong>militarie</strong></span> <span class='ocrx_word' id='word_1_262' title='bbox 811 3471 1036 3548; x_wconf 81' lang='lat' dir='ltr'><strong>firmatoremque</strong></span> <span class='ocrx_word' id='word_1_263' title='bbox 1049 3483 1118 3526; x_wconf 86' lang='lat' dir='ltr'><strong>oon·</strong></span> 
     </span>
     <span class='ocr_line' id='line_1_36' title="bbox 113 3552 1144 3641; baseline -0.013 -19"><span class='ocrx_word' id='word_1_264' title='bbox 113 3561 239 3622; x_wconf 89' lang='lat' dir='ltr'><strong>sulerem</strong></span> <span class='ocrx_word' id='word_1_265' title='bbox 260 3559 297 3622; x_wconf 89' lang='lat' dir='ltr'><strong>de</strong></span> <span class='ocrx_word' id='word_1_266' title='bbox 317 3560 402 3621; x_wconf 93' lang='lat' dir='ltr'><strong>modo</strong></span> <span class='ocrx_word' id='word_1_267' title='bbox 423 3576 543 3641; x_wconf 89' lang='lat' dir='ltr'><strong>poenae.</strong></span> <span class='ocrx_word' id='word_1_268' title='bbox 576 3558 644 3638; x_wconf 88' lang='lat' dir='ltr'><strong>lpse</strong></span> <span class='ocrx_word' id='word_1_269' title='bbox 663 3559 737 3618; x_wconf 91' lang='lat' dir='ltr'><strong>enim</strong></span> <span class='ocrx_word' id='word_1_270' title='bbox 752 3555 849 3618; x_wconf 91' lang='lat' dir='ltr'><strong>dubito</strong></span> <span class='ocrx_word' id='word_1_271' title='bbox 864 3555 901 3616; x_wconf 96' lang='lat' dir='ltr'><strong>ob</strong></span> <span class='ocrx_word' id='word_1_272' title='bbox 917 3553 972 3615; x_wconf 88' lang='lat' dir='ltr'><strong>boo</strong></span> <span class='ocrx_word' id='word_1_273' title='bbox 985 3552 1144 3628; x_wconf 58' lang='lat' dir='ltr'><strong>maximas</strong></span> 
     </span>
    </p>
   </div>
   <div class='ocr_carea' id='block_1_9' title="bbox 0 0 1308 3972">
    <p class='ocr_par' dir='ltr' id='par_1_13' title="bbox 0 0 1308 3972">
     <span class='ocr_line' id='line_1_37' title="bbox 0 0 1308 3972; baseline 0 0"><span class='ocrx_word' id='word_1_274' title='bbox 0 0 1308 3972; x_wconf 95' lang='lat' dir='ltr'><strong> </strong></span> 
     </span>
    </p>
   </div>
  </div>
 </body>
</html>
