2584 3972
149 262 212 328 124
577 259 610 322 G.
630 259 727 321 PLlNl

150 417 201 477 rit.
237 414 390 475 Damnatus
412 422 441 474 ct
460 415 489 474 in
501 411 621 474 insulam
635 413 797 490 relegatus:
818 411 963 474 Bruttiano
975 412 1160 472 iustissimum

151 500 318 577 integritatis
339 499 531 559 testimonium
551 495 708 574 redditum,
739 513 823 574 quem
850 496 963 576 quidem
985 498 1069 557 etiam
1090 513 1161 558 con·

126 585 271 648 ortamine
286 582 377 661 gloria
392 591 492 643 secuta
506 591 561 642 eet.
582 578 653 641 Nam
671 580 807 641 deiensns
825 579 1057 659 expeditissima,
1073 597 1159 641 nocu-

152 669 224 728 savit
238 666 423 728 vehementer
442 683 498 726 nec
518 665 610 726 minus
631 683 700 726 acer
715 682 798 744 qnam
812 664 905 725 bonus
920 673 950 725 et
962 665 1092 725 sincerus
1108 681 1159 743 ap·

125 753 251 830 tpamit.
275 750 359 825 Quod
369 749 421 812 tibi
435 749 557 828 scripsi,
579 758 610 810 ut
630 758 662 810 te
681 749 812 811 sortitum
832 749 1007 828 provinciam
1028 765 1187 826 praeno-5

134 823 264 912 nerem,
287 834 437 914 plurimum
457 833 509 894 tibi
531 833 633 895 credas
647 851 703 894 nco
719 834 851 912 cuiquam
866 833 934 894 satis
950 831 1036 909 lidas,
1054 833 1160 894 deinde

150 919 241 997 scias,
256 920 281 979 si
297 920 360 998 quis
375 917 451 979 forte
465 927 512 995 te,
536 915 613 996 quod
627 918 791 995 abominor,
813 915 908 993 iallat,
932 925 1056 995 paratam
1074 916 1160 978 ultio·

123 1011 230 1072 8nem;
252 1020 308 1082 qua
326 1013 421 1064 mmen
441 1020 478 1062 ne
494 1003 531 1062 sit
544 1018 618 1080 opus
635 1003 718 1062 etiam
731 999 825 1080 adque
840 1003 923 1062 etiam
944 1000 1069 1064 attendo.
1100 1000 1160 1061 Ne·

151 1103 208 1165 que
224 1089 298 1146 enim
320 1095 376 1147 tam
396 1084 547 1146 iucundum
571 1094 617 1146 eet
637 1085 774 1146 vindicari
795 1103 877 1166 qnam
897 1084 993 1164 decipi
1013 1086 1157 1147 miserum.

149 1169 231 1230 Vale.
1170 1179 1199 1236 ll

593 1251 699 1314 XXlll.

433 1351 461 1403 G.
480 1351 607 1405 PLINIUS
624 1350 758 1404 TRIARIO
776 1348 837 1404 SUO
853 1348 879 1401 S.

123 1463 138 1514 1
212 1453 338 1533 Impense
352 1458 428 1535 petis
444 1464 474 1515 ut
488 1473 570 1534 agam
588 1473 700 1516 causam
715 1455 903 1533 pertinentem
914 1452 951 1514 ad
962 1471 1057 1514 curam
1070 1464 1159 1533 tuam,

151 1538 298 1618 pulchram
313 1538 419 1617 alioqui
440 1548 470 1599 et
489 1538 635 1600 famosam.
668 1537 798 1615 Faciam,
814 1536 939 1598 sednon
954 1540 1052 1618 gratis.
1088 1537 1159 1612 ‘Qui

151 1622 212 1682 deri
234 1627 342 1700 potest'
362 1624 455 1701 inquis
477 1627 521 1683 ‘nt
541 1639 597 1681 non
617 1623 705 1698 gratis
727 1619 795 1682 tut’
821 1621 934 1682 Potest:
956 1623 1068 1700 exigam
1082 1624 1159 1684 enim
1170 1629 1205 1684 15

125 1704 314 1766 bmercedem
332 1705 526 1766 honestiorem
540 1707 665 1783 gratuito
679 1707 850 1785 patrocinio.
879 1704 949 1765 Peto
965 1705 1058 1786 adque
1074 1708 1161 1767 etiam

153 1791 286 1868 paciscor
306 1800 336 1851 ut
359 1788 441 1849 simul
458 1799 523 1867 agat
543 1787 703 1849 Cremutius
718 1789 808 1851 Ruso.
840 1788 961 1850 Solitum
977 1790 1033 1850 hoc
1046 1789 1113 1850 mihi
1128 1799 1161 1851 et

151 1875 256 1933 iamin
278 1873 406 1952 pluribus
431 1873 515 1934 elaris
536 1872 766 1934 adulescentibus
794 1873 959 1934 factitatum.
992 1871 1064 1933 Nam
1088 1876 1161 1935 mire

152 1958 326 2036 concupisco
347 1959 439 2019 bonos
460 1959 580 2018 iuvenes
604 1957 757 2018 ostendere
776 1955 858 2035 ioro,
885 1956 1035 2036 adsignare
1057 1957 1159 2018 lamae.

125 2039 236 2114 sQuod
256 2042 281 2102 si
302 2043 364 2120 cui,
389 2050 537 2122 praestare
553 2040 662 2103 Rusoni
676 2059 741 2102 meo
757 2041 870 2118 debeo,
885 2041 933 2100 vel
949 2050 1069 2120 propter
1079 2051 1207 2106 nata-to

151 2124 195 2184 les
216 2126 307 2204 ipsius
333 2124 382 2187 vel
403 2135 523 2206 propter
544 2128 674 2188 eximiam
694 2127 750 2186 mei
778 2127 938 2194 caritatem
962 2143 1046 2205 quem
1065 2129 1162 2203 magni

151 2211 270 2270 aestimo
292 2211 321 2269 in
341 2209 433 2272 isdem
453 2209 582 2288 iudiciis,
604 2228 643 2270 ex
662 2209 754 2270 isdem
774 2210 857 2268 etiam
879 2209 1008 2289 partibus
1030 2211 1163 2287 conspici

125 2292 249 2352 laudiri.
282 2292 384 2371 Obliga
398 2311 460 2371 me,
483 2294 580 2370 obliga
600 2302 665 2353 ante
682 2309 764 2373 quam
780 2291 869 2362 dioat;
889 2309 953 2352 nam
968 2310 1032 2352 cum
1046 2293 1161 2372 dixerit,

151 2377 255 2451 gratias
270 2393 350 2453 ages.
379 2375 516 2454 Spondeo
532 2375 714 2437 sollicitudini
728 2384 811 2454 tuae,
827 2378 892 2455 spei
907 2394 1005 2455 meae,
1021 2379 1162 2454 magnitu-

152 2456 208 2517 dini
224 2475 328 2518 cunsae
343 2459 537 2520 suffecturum.
556 2458 610 2519 Est
624 2459 727 2520 indolis
743 2461 884 2539 optimae,
908 2460 989 2520 brevi
1003 2461 1209 2540 producta-25

125 2548 200 2602 orus
220 2541 310 2619 alios,
337 2543 362 2603 ei
382 2543 493 2602 interim
513 2553 669 2621 provectus
691 2543 777 2604 luerit
799 2562 815 2604 a
836 2544 929 2605 nobis.
960 2543 1063 2624 Neque
1085 2546 1162 2605 enim

154 2627 282 2704 cuiquam
298 2636 355 2686 tam
375 2626 481 2687 clarum
500 2628 592 2688 statim
610 2629 754 2706 ingenium
773 2636 803 2686 ut
821 2629 913 2705 possit
928 2645 1088 2706 emergere,
1105 2630 1162 2689 nisi

151 2708 341 2852 ip'lilmteria,
362 2711 495 2788 occasio,
514 2709 608 2772 fautor
624 2714 708 2772 etiam
721 2711 990 2792 commendatorque
1004 2713 1161 2791 contingat.

177 2811 193 2854 a
205 2811 231 2853 e.

595 2893 716 2954 XXIIII.
996 2933 1068 3040 *l-
1169 2941 1212 2998 3⁰

437 2993 740 3049 c.1>n1musmnoss0
760 2994 821 3048 suo
840 2995 867 3050 s,

124 3103 140 3156 1
214 3093 305 3169 Quam
323 3094 441 3156 multum
461 3096 583 3160 interest
603 3116 620 3159 a
642 3116 699 3177 qno
720 3099 845 3179 quidque
866 3099 927 3160 liat!
954 3098 1063 3161 Eadem
1085 3101 1162 3160 enim

150 3178 226 3240 iacta
242 3177 370 3240 claritate
382 3178 431 3240 vel
445 3181 620 3243 obscuritate
635 3182 797 3244 iacientium
812 3192 860 3245 aut
874 3182 1012 3246 tolluntur
1021 3183 1160 3245 altissime

124 3271 198 3326 baut
220 3262 375 3324 humillime
392 3263 596 3344 deprimuntur.
626 3264 801 3345 Navigabam
822 3286 876 3348 per
895 3267 1006 3330 Larium
1018 3277 1159 3346 noenum,

151 3363 215 3408 cum
230 3348 328 3409 senior
341 3350 448 3412 amicus
464 3352 588 3412 ostendit
601 3350 668 3411 mihi
682 3350 777 3412 uillam
792 3352 886 3432 adque
899 3354 984 3413 etiam
997 3351 1161 3413 cubiculum
1169 3362 1212 3418 35

151 3431 228 3510 quod
243 3433 272 3491 in
289 3429 382 3494 lacum
397 3436 553 3511 prominet:
574 3440 625 3496 ‘ex
638 3435 707 3496 boc'
728 3437 819 3515 inquit
833 3436 997 3517 ‘aliquando
1010 3439 1164 3516 municeps
1259 3459 1268 3476 ·

123 3523 248 3578 anostra
262 3531 327 3576 cum
341 3519 440 3578 marito
455 3537 489 3580 se
500 3520 720 3599 praecipitavit!
744 3517 865 3581 cansam
875 3523 1023 3600 requisivi.
1043 3519 1165 3583 blaritus
