2604 3972
340 304 603 367 orrsnnxnun
613 313 756 370 ae-ee
771 305 936 384 [ec-ee]
1076 303 1138 370 eet

138 456 254 534 tinenti,
269 455 326 516 dixi
340 458 452 536 utrique
467 459 540 535 parti
555 466 585 518 ut
598 455 819 537 postulationum
834 471 946 517 suarum
959 457 1075 520 libellos
1091 458 1138 520 da·

137 549 209 600 rent.
240 539 379 601 Volebam
404 541 478 601 enirn
498 549 529 600 tc
548 541 676 620 ipsorum
695 540 872 618 potissimum
891 539 987 600 verbis
1010 558 1044 601 ca
1065 560 1138 620 quae

138 632 218 684 erant
239 625 386 704 proposita
407 639 595 702 cognoscere.
623 622 662 683 Et
678 622 753 682 Dion
774 623 888 702 quidem
903 641 936 682 se
957 623 1084 685 daturum
1097 625 1137 685 di·

136 710 194 768 xit:
210 707 263 784 [et]
280 707 439 787 Eumolpus
452 708 601 786 respondlt
617 705 823 786 conplexumm
838 724 872 768 se
892 705 992 767 libello
1008 725 1081 786 qnae
1095 710 1138 769 rei

111 790 271 869 5publicae
285 800 416 871 peteret,
440 801 569 852 ceterum
587 790 663 870 quod
684 789 720 849 ad
740 789 871 870 sepultos
887 792 1060 869 pertineret,
1081 799 1165 854 non6

138 882 334 936 accusatorem
348 894 382 935 se
397 874 450 936 sed
464 874 631 935 advocatum
646 873 736 934 Flavii
745 872 896 953 Archippi,
914 874 994 934 cuius
1009 873 1137 935 mandata

137 957 314 1038 pertulisset.
342 957 524 1038 Archippus,
547 957 593 1018 cui
606 955 765 1036 Eumolpus
780 958 854 1017 siout
867 956 1003 1018 Prusiade
1017 956 1137 1019 adsiste·

137 1041 197 1118 bat,
213 1040 282 1100 dixit
297 1059 328 1100 se
343 1039 472 1102 libellum
487 1039 624 1100 daturum.
647 1039 688 1101 Ita
702 1057 758 1100 nec
771 1038 931 1119 Eumolpus
945 1059 1000 1102 nec
1015 1041 1138 1119 Archip-

136 1141 191 1203 pus
206 1122 430 1202 quamplurimis
447 1123 548 1185 diebus
563 1125 723 1202 expectatis
738 1122 829 1184 adbuc
843 1123 911 1183 mihi
924 1122 1040 1187 libellos
1051 1123 1137 1185 dede·

92 1219 129 1272 10
136 1217 215 1267 runt:
231 1207 305 1268 Dion
318 1207 406 1285 dedit,
425 1225 510 1286 quem
525 1206 591 1267 huic
607 1205 747 1285 epistulae
762 1208 847 1266 iunxi.
879 1207 946 1286 Ipse
967 1209 1041 1268 inre
1055 1212 1163 1288 prae-'l

137 1292 212 1352 senti
225 1290 266 1350 fui
282 1299 312 1351 et
330 1291 388 1351 vidi
408 1300 483 1353 tuam
500 1308 615 1370 quoque
634 1299 752 1351 statuam
766 1292 794 1349 in
809 1282 986 1351 bibliotheca
1003 1293 1137 1368 positam:

136 1374 165 1434 id
181 1383 273 1434 autem
286 1376 314 1434 in
329 1392 385 1455 quo
406 1373 537 1434 dicuntur
554 1373 660 1452 sepulti
680 1372 755 1433 lilius
773 1382 802 1433 ct
823 1391 897 1434 nxor
915 1373 1015 1437 Dionis
1029 1374 1058 1434 in
1071 1391 1138 1434 area

140 1458 335 1536 conlocatum,
352 1476 425 1537 quae
440 1458 599 1538 porticibus
613 1455 773 1518 includitur.
803 1455 844 1518 'l'e
854 1503 863 1535 ,
875 1456 1004 1535 domine,
1020 1473 1093 1536 rogo
1108 1462 1164 1521 utS

137 1559 184 1601 me
198 1543 227 1601 in
238 1540 295 1602 hoc
309 1543 463 1622 praecipue
478 1559 587 1619 genere
602 1540 771 1618 cognitionis
785 1558 892 1618 regere
909 1541 1051 1619 dignaris,
1075 1558 1138 1601 cnm

93 1639 129 1693 15
138 1623 243 1703 alioqui
257 1642 356 1702 magna
371 1627 408 1686 sit
422 1625 602 1704 expectatio,
621 1633 651 1684 ut
665 1641 791 1685 necesse
812 1634 858 1685 est
877 1625 906 1685 in
927 1643 961 1686 ea
975 1642 1008 1685 re
1022 1642 1095 1704 quae
1109 1631 1139 1684 et

137 1709 166 1768 in
182 1707 345 1768 confessum
358 1709 437 1768 venit
453 1717 482 1768 et
496 1707 635 1787 exemplis
650 1705 820 1767 detenditur.

474 1840 612 1902 nxxxrr.
627 1839 802 1920 [xxxxix]

471 1938 637 1991 TRAIANUS
655 1938 762 1991 PLINIO
781 1937 807 1987 S.

94 2061 130 2114 no
201 2041 320 2102 Potuisti
337 2057 394 2101 non
415 2041 553 2116 haerere,
572 2042 610 2098 mi
629 2037 762 2100 Secunde
777 2036 940 2111 carissime,
964 2037 1040 2096 circa
1058 2035 1088 2095 id
1102 2035 1137 2095 de
1147 2049 1162 2101 1

140 2142 197 2205 qno
214 2142 259 2185 nne
277 2123 482 2185 consulendum
497 2123 673 2199 existimasti,
692 2139 755 2182 curo
770 2121 947 2201 propositum
958 2133 1052 2177 meum
1064 2121 1139 2195 opti-

138 2227 184 2269 me
202 2225 305 2269 nosses
324 2225 382 2268 non
405 2225 442 2267 ex
457 2215 533 2267 metu
552 2224 607 2266 nec
630 2215 740 2266 terrore
756 2203 898 2264 hominum
911 2212 958 2263 aut
976 2201 1137 2262 criminibus

138 2294 292 2354 maiestatis
310 2291 499 2353 reverentiam
519 2290 624 2349 nomini
643 2305 708 2348 meo
730 2286 849 2366 adquiri.
882 2285 994 2347 Omissa
1012 2301 1082 2364 ergo
1104 2297 1165 2349 eat

140 2377 319 2456 quaestione,
335 2391 417 2454 quam
431 2391 487 2434 non
502 2373 686 2448 admitterem,
703 2372 787 2432 etiam
802 2372 826 2431 si
840 2369 980 2448 exemplis
994 2369 1139 2429 adiuvare·

93 2474 130 2528 25
139 2469 201 2537 tur,
216 2460 288 2519 ratio
304 2461 393 2519 totins
405 2457 502 2538 operis
520 2455 617 2517 effecti
632 2456 685 2516 snb
701 2471 768 2516 cure
783 2455 851 2532 [tua]
867 2451 1021 2514 Cocceiani
1038 2451 1138 2513 Dionis
1236 2467 1238 2473 ·

138 2545 306 2620 excutiatur,
324 2559 388 2604 cnm
403 2551 432 2601 et
446 2540 552 2602 utilitas
566 2541 688 2600 civitatis
704 2539 800 2614 exigat
813 2555 867 2597 nec
882 2545 929 2596 ant
939 2545 1054 2598 recuset
1064 2535 1139 2594 Dion

138 2636 185 2687 aut
200 2626 302 2687 debeat
318 2642 463 2687 recusare.

453 2753 606 2816 nxxrnrr.
630 2749 817 2832 [lxxxvii]

93 2883 131 2939 30
365 2856 392 2907 (l.
411 2853 536 2906 PLINIUS
555 2850 700 2904 TRAIANO
715 2847 922 2902 IMPERATORI.

199 2957 346 3037 Rogatus,
367 2957 497 3033 domine,
525 2972 541 3015 a
560 2953 768 3015 Nicaeensibus
797 2947 914 3031 publice
939 2967 992 3030 per
1012 2967 1047 3010 ea
1067 2966 1140 3027 qnae

137 3042 205 3102 mihl
219 3051 248 3102 et
263 3050 372 3105 suntet
386 3040 493 3100 debent
510 3055 578 3100 esse
592 3037 787 3113 sanctissima,
810 3033 899 3095 idest
919 3051 973 3114 per
992 3034 1141 3095 actemita·

138 3136 196 3187 tem
211 3135 287 3186 tuam
301 3124 489 3202 salutemque,
503 3131 535 3183 ut
549 3139 655 3201 preces
670 3138 735 3182 suas
749 3119 785 3179 ad
800 3127 829 3179 te
843 3117 1013 3197 perferrem,
1028 3116 1071 3176 ias
1083 3132 1141 3204 non

139 3211 236 3289 putari
248 3227 354 3287 negare
365 3216 573 3286 acceptumque
586 3205 621 3265 ab
633 3205 669 3265 iis
683 3202 811 3263 libellum
824 3201 890 3262 huic
901 3200 1042 3281 epistulae
1052 3199 1140 3260 iunxi.

96 3303 132 3358 ³⁵
445 3338 613 3402 nxxx1n1.
637 3333 841 3417 [nxxxvruq

477 3437 639 3490 TRAIANUS
656 3436 763 3489 PL1N10
779 3435 806 3484 S.

205 3541 429 3620 Nicaeensibus,
451 3541 500 3620 qui
519 3543 714 3603 intestatorum
729 3537 832 3599 civium
846 3547 1142 3678 suorprpssconcessem
