2604 3972
204 255 265 320 174
377 251 380 260 ’
629 254 663 317 G.
684 255 781 317 PLINI

178 412 343 476 aobserves
365 419 413 472 aut
432 410 507 471 scias
527 408 638 472 melius.
672 406 774 486 Cogita
795 417 824 467 te
846 410 960 468 missum
980 407 1009 467 iu
1030 408 1205 486 provinciam

201 489 346 566 Achaiam,
359 490 435 551 illam
445 509 542 551 veram
553 501 582 552 et
592 506 697 550 meram
705 487 861 567 Graeciam,
874 491 902 549 iu
915 508 970 569 qua
980 489 1099 570 primurn
1110 490 1206 548 huma·

201 575 284 651 uitas,
296 573 420 652 litterae,
433 576 517 636 etiam
528 573 628 653 fruges
639 573 770 634 iuventae
783 589 850 634 esse
862 574 1030 642 creduntur;
1042 573 1160 633 missum
1171 571 1206 631 ad

202 658 385 719 ordinandum
399 667 502 720 statum
512 657 664 719 liberarum
676 658 834 735 civitatum,
846 657 948 736 idest,
961 657 996 720 ad
1006 657 1137 718 homiues
1149 674 1206 715 ma·

200 743 277 803 xime
288 742 433 819 homines,
450 741 486 802 ad
497 741 606 804 liberos
617 743 737 803 maxime
749 741 868 820 liberos,
882 742 958 822 quod
968 744 1012 804 ius
1023 750 1147 803 anatura
1159 740 1229 801 ‹la-⁵

200 837 259 887 tum
269 827 390 904 virtute,
409 828 532 903 meritis,
553 827 684 904 amicitia,
703 824 823 887 foedere
835 825 959 906 denique
971 836 1000 888 et
1010 825 1153 904 religione
1162 834 1205 886 te-

174 917 329 972 annerum.
348 916 492 972 Reverere
506 911 670 971 conditores
683 909 753 970 deos
766 918 795 971 et
804 913 916 972 nomina
927 910 1056 987 deorum,
1068 927 1206 971 reverere

203 988 323 1068 gloriam
342 996 472 1049 veterem
492 997 522 1048 et
540 988 612 1049 hanc
627 989 717 1068 ipsam
729 998 923 1067 senectutem,
947 1007 1020 1068 quae
1040 992 1069 1050 iu
1088 989 1203 1050 homine

201 1071 383 1148 venerabilis,
401 1073 430 1131 in
444 1071 560 1132 urbibus
574 1089 666 1132 sacra.
687 1071 730 1132 sir
744 1071 819 1152 apud
833 1082 863 1133 te
877 1072 968 1132 honor
981 1074 1150 1152 antiquitati,
1167 1076 1203 1134 sit

201 1155 363 1234 ingentibus
385 1154 485 1232 iactis,
506 1157 542 1215 sit
556 1154 659 1216 lahulis
675 1172 800 1235 quoque.
831 1153 907 1214 Nihil
923 1173 960 1216 ex
982 1158 1147 1236 cuiusquam
1162 1157 1202 1218 di·
1210 1164 1239 1216 10

202 1241 325 1318 gnitate,
346 1238 415 1299 nihil
429 1258 468 1300 ex
480 1238 628 1318 libertate,
650 1239 718 1300 nihil
733 1241 816 1300 etiam
831 1257 867 1299 ex
877 1237 1029 1300 iactatione
1047 1238 1202 1319 decerpse·
1284 1235 1285 1270 ³

177 1326 254 1388 bris.
286 1322 366 1384 Habe
387 1333 452 1384 ante
474 1323 575 1384 oculos
595 1323 668 1384 hane
685 1342 752 1386 esse
771 1331 874 1383 terram
894 1340 967 1400 quae
988 1323 1070 1384 uobis
1094 1326 1203 1385 miserit

202 1411 279 1486 iura,
302 1426 374 1486 quaa
393 1406 476 1484 leges
495 1425 552 1468 nou
571 1409 655 1468 victis
675 1406 727 1467 sed
742 1406 903 1486 petentibus
923 1405 1052 1484 dederit,
1074 1407 1201 1468 Athenas

203 1508 270 1551 esse
286 1509 355 1569 quas
367 1488 463 1567 adeas,
479 1489 719 1552 lacedaemonem
730 1509 797 1552 esse
812 1508 894 1569 quam
904 1490 1124 1570 regam-quibus
1135 1490 1201 1550 reli-

202 1591 285 1652 quam
299 1573 423 1633 umbram
443 1583 473 1633 et
491 1573 634 1634 residuum
653 1573 790 1635 libertatis
803 1591 905 1634 nomeu
919 1575 1033 1653 eripere
1045 1572 1144 1634 durum
1159 1574 1200 1634 le·
1209 1575 1237 1628 15

114 1714 136 1720 ,
176 1670 263 1722 orum
281 1657 429 1717 barbarum
442 1665 494 1716 est.
522 1657 610 1718 Vides
625 1675 641 1717 a
654 1657 783 1736 medicis,
799 1675 964 1736 quamquam
978 1660 1007 1718 in
1020 1656 1140 1719 adversa
1154 1677 1201 1719 va·

201 1740 319 1801 litudine
338 1739 406 1799 nihil
427 1741 503 1800 servi
523 1757 558 1800 ae
571 1739 654 1801 liberi
676 1740 821 1820 differant,
847 1739 960 1803 mollius
981 1751 1075 1802 tamen
1092 1741 1201 1802 liberos

203 1824 428 1901 clementiusque
442 1825 562 1884 tractam.
585 1822 749 1886 Recordare
763 1825 829 1903 quid
845 1843 973 1904 quaeque
990 1826 1088 1886 civitas
1103 1825 1200 1902 fuerit,

200 1925 259 1968 uon
282 1917 312 1968 ut
336 1906 479 1986 despicias
500 1907 577 1986 quod
597 1925 664 1969 esse
685 1907 815 1968 desierit:
846 1909 919 1970 absit
938 1909 1072 1988 superbia
1091 1909 1200 1988 asperi·

174 2001 251 2058 otas.
276 1988 340 2051 Nec
351 1992 476 2051 timueris
493 2000 692 2070 contemptum.
720 1991 765 2051 hu
780 1993 966 2052 contemnitur
980 1993 1028 2072 qui
1041 1990 1237 2072 imperium,l⁰
1284 1995 1285 2084 l

201 2077 249 2156 qui
263 2075 360 2136 fasces
371 2074 467 2151 hahet,
484 2076 538 2138 uisi
553 2075 664 2136 humilis
680 2085 710 2136 et
726 2074 856 2137 sordidus
870 2084 900 2135 et
914 2077 960 2155 qui
973 2095 1005 2136 se
1019 2077 1126 2155 primus
1136 2078 1200 2156 ipse
1284 2093 1285 2134 l

202 2157 376 2220 contemnit?
393 2157 469 2219 hlale
483 2160 540 2218 vim
557 2175 635 2220 suam
645 2168 774 2238 potestas
788 2158 906 2220 aliorum
922 2157 1099 2220 coutumehis
1112 2178 1201 2238 erpe-

118 2260 121 2265 ·
199 2245 286 2321 ritur,
311 2241 385 2303 male
402 2251 512 2303 terrore
532 2243 677 2304 veneratio
699 2243 869 2322 adquiritur,
895 2242 1040 2322 longeque
1060 2242 1202 2304 valentior

200 2344 278 2386 amor
295 2324 330 2384 ad
350 2325 532 2404 optinendum
552 2327 628 2405 quod
641 2325 714 2386 velis
729 2325 811 2404 quam
824 2328 916 2388 timor.
945 2324 1017 2386 Nam
1033 2328 1118 2386 umor
1131 2327 1198 2403 abit,

201 2411 226 2470 si
239 2408 371 2484 recedas,
387 2417 481 2468 manet
496 2424 591 2486 amor,
606 2426 641 2469 ac
657 2411 731 2469 sicut
744 2409 794 2469 ille
808 2411 836 2469 iu
852 2409 945 2470 odium
958 2408 1006 2471 hic
1020 2411 1048 2469 in
1063 2413 1237 2472 reveren-th

174 2493 265 2558 utiam
279 2491 408 2551 vertitur.
438 2489 479 2551 'le
495 2509 566 2552 vero
580 2493 664 2552 etiam
677 2501 764 2569 atque
778 2494 861 2552 etiam
877 2494 1019 2572 (repetam
1034 2493 1125 2572 enim)
1141 2511 1200 2553 me·

200 2576 317 2636 minissc
337 2583 453 2652 oportet
476 2574 563 2636 olhcii
583 2577 624 2635 tui
646 2573 810 2636 titulumne
830 2576 880 2636 tibi
901 2578 994 2656 ipsum
1004 2577 1200 2656 interpretari,

201 2659 284 2739 quale
296 2667 485 2738 quantumque
498 2660 534 2721 sit
545 2659 675 2720 ordinare
683 2667 786 2721 statum
794 2658 944 2722 liberarum
955 2661 1107 2721 civitatum.
1129 2658 1200 2720 Nam
1284 2705 1285 2708 ,

172 2743 268 2821 equid
289 2742 465 2804 ordinatione
487 2740 620 2805 civilius?
655 2742 722 2823 quid
749 2741 880 2804 libertate
900 2740 1077 2823 pretiosius?
1110 2743 1199 2804 Porro

200 2843 282 2906 quam
297 2835 391 2906 turpe,
407 2828 433 2888 si
446 2826 583 2888 ordinatio
598 2827 760 2904 eversione,
776 2825 892 2889 libertas
907 2828 1045 2889 servitute
1055 2823 1238 2888 mutemrtao
1284 2875 1285 2882 ,

198 2909 322 2971 Accedit
336 2908 412 2989 quod
432 2911 484 2971 tibi
507 2920 652 2971 certamen
674 2919 719 2972 est
740 2918 856 2971 tecumz.
876 2919 1014 2971 oneratte
1029 2920 1200 2990 quaesturae

199 3002 265 3053 tuae
280 2991 369 3070 lama,
390 3010 473 3072 quam
489 3010 527 3053 ex
541 2993 670 3069 Bithynia
684 2995 818 3073 optimam
830 2995 983 3072 revexisti,
1006 3004 1105 3056 onerat
1119 2996 1199 3056 testi·

200 3075 324 3135 monium
338 3077 485 3155 principis,
502 3086 600 3137 onerat
613 3077 780 3156 tribunatus,
793 3087 934 3157 praetura,
950 3086 1034 3157 atque
1048 3078 1121 3140 haec
1137 3079 1201 3158 ipsa

174 3157 306 3237 olegatio
328 3161 407 3238 quasi
425 3160 579 3238 praemium
600 3160 671 3222 data.
705 3160 769 3234 Quo
784 3163 872 3240 magis
892 3160 1036 3222 nitendum
1056 3171 1102 3222 est
1120 3181 1157 3222 ue
1172 3164 1200 3220 in
1284 3187 1285 3192 ¹

201 3241 356 3320 longinqua
367 3244 512 3322 provincia
527 3262 610 3323 quam
624 3245 794 3324 suburbana,
808 3264 845 3306 ne
859 3247 932 3306 iuter
944 3247 1104 3306 servientes
1117 3251 1238 3323 quamet

201 3324 326 3404 liberos,
348 3346 385 3388 ne
403 3338 482 3389 sorte
499 3346 582 3407 quarn
598 3329 701 3389 iudicio
715 3330 829 3405 missus,
846 3347 881 3389 ue
896 3329 974 3390 rudis
989 3338 1020 3388 et
1036 3330 1200 3407 incognitus

201 3426 284 3488 quam
297 3411 461 3490 exploratus
476 3412 670 3491 probatusque
688 3412 833 3473 humanior
851 3412 955 3473 melior
972 3412 1091 3491 peritior
1107 3411 1200 3472 luisse

199 3493 337 3565 videaris;
354 3514 417 3555 cum
431 3497 468 3556 sit
482 3494 597 3576 alioqui,
613 3507 643 3558 ut
658 3514 746 3576 saepe
758 3495 871 3575 audisti,
886 3514 974 3576 saepe
989 3494 1097 3576 legisti,
1111 3495 1200 3556 multo
