2604 3972
175 255 238 320 all
478 253 512 316 0.
530 253 628 316 PLINI
649 253 699 315 ET
721 252 879 316 TRAIANI

578 404 676 466 xuvr.
700 405 778 486 [nu]

514 505 679 558 TRAIANUS
696 506 802 557 PLINIO
820 505 847 560 S.

238 609 397 688 liiplomata
413 626 532 689 quorum
546 611 717 689 praeteritus
731 619 777 671 est
793 608 856 669 dies
871 625 929 668 non
950 607 1057 668 debent
1071 625 1140 669 esse
1155 609 1185 668 in

177 712 245 756 usu:
266 693 332 755 ideo
356 695 431 755 inter
445 695 534 773 prima
553 695 669 772 iniungo
689 693 756 754 mihi
774 703 805 754 ut
825 710 880 771 per
899 709 998 754 omnes
1020 693 1184 771 provincias

177 788 242 840 aute
256 780 364 839 mittam
380 796 455 839 nora
469 776 622 857 diplomata
637 795 722 857 quam
736 777 892 839 desiderari
907 779 1028 856 possint.
1189 789 1207 843 t

563 923 676 987 xuvu.
698 923 792 1003 [surr

401 1025 429 1076 G.
447 1025 573 1077 PLINIUS
589 1024 735 1076 TRAIANO
754 1022 961 1078 IMPERATORI.

151 1146 167 1197 1
242 1129 313 1192 Gom
326 1131 442 1212 vellem,
459 1131 583 1211 domine,
599 1131 742 1212 Apameae
756 1147 936 1209 cognoscere
953 1129 1086 1209 publicos
1102 1129 1183 1191 debi-

177 1224 256 1276 tores
272 1226 300 1277 et
315 1216 435 1278 reditum
451 1226 480 1278 et
493 1216 642 1295 inpendIa,
663 1231 836 1294 responsum
850 1223 896 1275 est
911 1213 979 1274 milri
995 1230 1106 1294 cupere
1120 1215 1224 1294 qui-10

178 1300 242 1361 dem
264 1302 414 1362 universos
435 1309 466 1361 ut
486 1318 502 1361 a
526 1318 572 1361 me
593 1303 719 1361 rationes
743 1298 875 1360 coloniae
897 1297 1081 1376 legerentur,
1103 1316 1183 1358 nnm-

177 1401 263 1462 quam
279 1393 372 1446 tamen
392 1403 461 1446 esse
478 1383 569 1446 lectas
582 1385 618 1446 ab
632 1383 692 1445 ullo
706 1382 924 1463 proconsulum,
945 1381 1081 1470 debuisse
1096 1384 1182 1462 priri-
1281 1423 1282 1426 ,

178 1464 286 1544 legium
301 1478 331 1530 et
345 1469 569 1530 vetustissimum
583 1486 692 1530 morem
703 1467 819 1528 arbitrio
834 1485 887 1528 suo
902 1466 1121 1545 rempublicam
1134 1466 1182 1528 ad·

153 1551 345 1616 aministrare.
366 1551 460 1630 Exegi
475 1557 507 1612 ut
522 1569 594 1632 quae
608 1551 741 1613 dicebant
758 1569 889 1631 quaeque
907 1551 1064 1612 recitabant
1080 1548 1182 1612 libelle
1281 1547 1282 1620 J

180 1633 449 1713 complecterentur,
474 1637 621 1714 quemtibi
639 1634 752 1714 qualem
768 1652 938 1714 acceperam
951 1636 1033 1713 misi,
1055 1636 1182 1714 quamvis
1191 1647 1221 1703 15
1281 1633 1282 1672 ³

178 1717 378 1799 intellegerem
395 1718 531 1798 pleraque
550 1737 587 1782 ex
600 1718 652 1780 lllo
667 1718 702 1780 ad
717 1719 745 1779 id
764 1720 804 1781 de
813 1737 870 1799 quo
884 1721 1028 1798 quaeritur
1044 1737 1101 1780 non
1116 1736 1181 1798 per·
1281 1753 1282 1762 κ

150 1805 280 1868 ttinere.
309 1803 351 1865 Te
371 1821 445 1882 rogo
462 1814 493 1865 ut
515 1802 581 1864 milri
602 1804 772 1883 praecipere
793 1804 919 1882 digneris
943 1802 1011 1883 quid
1031 1821 1078 1865 me
1096 1812 1181 1882 putes

178 1887 334 1950 observare
357 1887 474 1950 debere.
501 1887 613 1950 Vereor
623 1889 698 1950 enim
712 1907 749 1949 ne
765 1897 812 1949 aut
828 1888 994 1950 excessisse
1008 1895 1127 1948 autnon
1140 1889 1181 1948 in-

178 1970 278 2050 plesse
293 1973 381 2035 cilicii
396 1975 452 2034 mei
469 1981 564 2052 partes
580 1971 688 2034 ridear.

557 2119 681 2182 xuvrn.
698 2118 804 2198 [nvn]

510 2220 675 2273 TRAIANUS
694 2218 800 2272 PLINIO
819 2218 846 2273 S.

154 2337 170 2390 1
241 2322 366 2385 Libellus
380 2323 571 2403 Apameorum
593 2343 677 2403 quem
691 2323 834 2404 epistulae
846 2331 911 2385 tuae
925 2324 1057 2384 iunxeras
1073 2323 1183 2384 remisit
1281 2311 1282 2366 l

176 2405 243 2465 mihi
257 2409 462 2468 necessitatem
476 2407 672 2487 perpendendi
687 2407 780 2487 qualia
792 2416 901 2486 essent,
916 2415 1036 2487 propter
1051 2423 1124 2486 quae
1138 2409 1180 2465 vi-
1281 2393 1282 2486 1

177 2488 239 2549 deri
259 2489 359 2551 volunt
379 2493 499 2570 eosqui
519 2508 573 2570 pro
595 2490 761 2554 consulibus
780 2491 853 2552 lanc
874 2492 1049 2570 provinciam
1070 2491 1220 2552 curma-se
1281 2507 1282 2560 l

178 2583 261 2633 erunt
276 2575 447 2637 abstinuisse
462 2576 671 2655 inspectatione
685 2577 825 2638 ratIonum
840 2593 971 2654 sumum,
988 2577 1132 2654 cumipse
1152 2584 1182 2636 ut
1281 2563 1282 2650 l

150 2670 227 2722 meas
241 2659 401 2738 inspiceres
416 2677 473 2722 non
487 2661 693 2722 recusaverint.
724 2659 940 2722 Remuneranda
954 2667 1000 2722 est
1014 2661 1099 2738 igitur
1114 2676 1181 2738 pro·

176 2742 248 2806 bitas
267 2761 382 2823 eorum,
401 2754 432 2806 ut
453 2745 507 2806 iam
521 2763 597 2806 nunc
612 2747 703 2806 sciant
719 2743 776 2806 lroc
794 2743 871 2823 quod
889 2744 1071 2824 inspectums
1089 2762 1122 2805 es
1144 2761 1182 2806 ex

174 2844 239 2888 mea
253 2827 398 2889 voluntate
413 2829 500 2890 salvis
515 2846 589 2908 quae
603 2827 708 2888 habent
720 2827 881 2908 privilegiis
896 2846 963 2892 esse
978 2827 1127 2890 iacturum.
1281 2863 1282 2902 ,

532 2975 672 3040 xuvuu.
694 2977 817 3056 [nunu]
1188 2938 1221 2993 ³⁰

395 3073 423 3126 G.
442 3073 566 3128 PLINIUS
585 3076 732 3129 TRAIANO
750 3076 959 3129 IMPERATORI.

153 3183 165 3236 1
241 3174 314 3235 Ante
332 3174 482 3236 adrentum
499 3195 608 3258 meum,
625 3179 755 3259 domine,
771 3178 999 3242 Nicomedenses
1013 3179 1103 3259 priori
1116 3176 1181 3238 loro

175 3274 281 3317 norum
294 3259 409 3321 adicere
424 3271 599 3342 coeperunt,
621 3264 701 3326 cuins
716 3265 745 3324 in
760 3263 864 3342 angulo
882 3273 929 3326 est
942 3262 1031 3326 aedes
1045 3262 1181 3324 vetustis·

175 3343 246 3404 sima
264 3341 362 3407 Matris
382 3343 502 3424 Magnae
523 3356 572 3407 aut
591 3347 746 3409 relieienda
763 3358 811 3409 aut
832 3347 1043 3415 transferenda:
1066 3347 1104 3407 eb
1124 3346 1223 3409 luccat

176 3427 343 3506 praecipue,
363 3429 440 3507 qued
450 3439 496 3491 est
511 3429 599 3492 multo
620 3431 787 3511 depressior
801 3449 891 3513 opere
906 3450 943 3493 eo
959 3430 1113 3510 quodcum
1122 3447 1181 3491 ma·

149 3510 251 3572 trisne
265 3513 364 3590 surgit.
397 3511 463 3589 Ego
486 3531 548 3574 cum
565 3532 733 3594 quaererem
752 3532 817 3575 num
833 3524 913 3578 esset
927 3514 1022 3595 aliqua
1038 3514 1089 3576 lex
1104 3513 1182 3575 dicta

1281 1685 1282 1750 l

1188 2065 1220 2118 ao
1281 2039 1282 2124 l

1281 2269 1282 2310 l
