2580 3970
178 261 240 328 256
599 258 631 320 0.
651 259 748 320 PblNl

179 427 210 478 nt
228 411 297 475 nihil
318 412 452 474 imbribus
474 413 614 492 caeloque
630 412 763 482 deberet;
783 411 925 490 siquidem
938 413 1056 490 proprio
1070 427 1192 489 semper

180 517 261 561 amne
284 497 417 576 perfusa,
442 515 498 558 nee
521 497 578 558 alio
602 514 711 575 genere
732 513 866 575 aquarum
886 493 970 556 solita
993 497 1190 573 pinguescere

181 599 263 664 quam
279 600 349 661 quas
363 581 426 660 ipsa
442 581 612 659 deuexerat,
632 582 716 642 tantis
731 579 880 658 segetibus
895 579 1063 639 induebatur
1076 588 1107 638 ut
1123 595 1189 639 cum

179 667 363 728 feracissimis
384 666 485 742 terris,
510 666 590 744 quasi
610 681 760 750 numquam
779 681 914 741 cessura,
936 671 1069 723 certaret.
1107 660 1189 723 llaec
1283 667 1284 762 q

178 751 293 830 inopina
307 749 437 808 siccitate
453 767 546 828 usque
560 749 595 809 ad
609 749 735 808 iniuriam
748 747 906 810 sterilitatis
922 747 1047 825 exaruit,
1065 747 1130 825 qnia
1144 748 1216 824 pi=5
1283 767 1284 840 q

179 853 235 914 ger
247 832 329 894 Nilus
344 841 510 894 cunctanter
524 831 607 892 alveo
623 851 691 894 sese
705 850 740 894 ae
753 831 888 910 languide
904 830 1062 909 extulerat,
1084 831 1186 908 ingen·
1283 845 1284 910 l

180 919 256 980 tibus
278 916 392 995 quidem
412 927 480 977 tunc
501 935 615 996 quoque
633 916 685 976 ille
705 915 881 994 flaminibus,
911 914 1071 976 luminibus
1091 923 1188 974 tamen

182 1000 383 1063 conferendus.
417 999 490 1062 Hinc
511 1017 577 1080 pars
598 1017 698 1078 magna
717 1010 872 1077 terrarum,
897 999 988 1076 mergi
1002 999 1187 1078 repararique
1283 997 1284 1070 l

180 1103 261 1146 amne
277 1093 430 1163 consueta,
445 1083 503 1145 alto
517 1085 638 1164 pulvere
653 1083 804 1145 incanduit.
827 1081 942 1144 Frustra
955 1093 1023 1142 tunc
1033 1083 1188 1160 Aegyptus
1283 1087 1284 1156 l

180 1168 276 1229 nubila
297 1169 405 1246 optavit
425 1167 592 1246 caelumque
613 1169 757 1247 respexit,
776 1168 919 1246 cumipse
934 1166 1116 1227 fecunditatis
1137 1165 1234 1244 pa-10
1283 1169 1284 1174 ’

180 1271 248 1315 reas
268 1247 486 1312 ceutracticr‘et
507 1252 624 1330 exilior,
650 1250 740 1312 isdem
760 1251 919 1312 ubertatem
939 1251 1001 1310 eius
1019 1251 1082 1309 anui
1099 1267 1189 1328 angu-
1283 1295 1284 1314 .

181 1339 243 1400 stiis
258 1335 363 1416 quibus
378 1334 573 1397 abundantiam
587 1354 666 1397 suam
679 1335 865 1396 cohibuisset.
888 1333 990 1413 Neque
1006 1335 1081 1394 enim
1094 1331 1189 1394 solum
1283 1341 1284 1396 l

181 1439 272 1498 vagus
289 1419 356 1496 ille,
383 1437 447 1480 cum
460 1421 643 1498 expanditur,
658 1421 745 1480 amnis
761 1421 832 1480 intra
847 1427 981 1496 usurpata
995 1434 1111 1496 semper
1126 1413 1188 1476 ccl·

181 1504 248 1564 lium
263 1503 427 1564 substiterat
442 1514 528 1582 atque
543 1504 692 1581 haeserat,
718 1502 770 1564 sed
784 1505 887 1582 supino
904 1505 987 1563 etiam
1003 1519 1039 1563 ae
1054 1500 1189 1561 clementi
1283 1507 1284 1584 J

182 1587 247 1650 sclc
266 1604 324 1646 non
346 1587 458 1664 placido
479 1607 512 1648 se
532 1587 669 1666 mollique
683 1587 766 1667 lapsu
779 1587 911 1664 refugum
925 1585 1098 1662 abstulerat,
1118 1602 1188 1645 nec·
1199 1587 1235 1640 15
1283 1591 1284 1664 q

156 1690 159 1695 ·
183 1672 247 1732 dnm
268 1672 336 1731 satis
358 1680 486 1731 umentes
507 1679 598 1732 terras
619 1670 763 1732 addiderat
783 1671 936 1732 arentibus.
970 1669 1060 1748 lgitur
1073 1668 1188 1730 inunda·

182 1759 278 1833 tione,
298 1753 387 1815 idest
404 1755 551 1832 ubertate,
575 1757 657 1832 regio
672 1755 814 1834 fraudata,
836 1756 879 1816 sic
895 1772 980 1834 opem
998 1751 1130 1814 Caesaris
1147 1752 1190 1812 in·

181 1840 296 1900 vocavit
311 1847 342 1899 ut
357 1837 432 1900 solet
447 1855 556 1899 amnem
571 1856 665 1899 sunm:
680 1858 736 1899 nec
752 1838 866 1918 longius
880 1836 923 1898 illi
935 1837 1120 1899 adversorum
1135 1836 1189 1897 fuit

183 1923 302 2004 spatium
319 1940 401 2002 quam
417 1921 481 1982 dum
495 1925 610 1983 nuntiat.
646 1921 714 1983 Tam
727 1922 831 2000 velox,
854 1920 976 2001 Caesar,
999 1923 1125 2001 potentia
1140 1931 1190 1982 tna

183 2017 245 2085 est,
266 2016 379 2086 tamque
393 2009 422 2066 la
436 2009 528 2067 omnia
541 2008 648 2086 pariter
661 2008 769 2068 intenta
782 2007 893 2068 benitas
909 2016 939 2068 et
954 2006 1083 2069 accincta
1096 2014 1126 2066 ut
1138 2005 1188 2066 tri·
1199 2012 1237 2066 ἵ)
1283 2069 1284 2072 ,

184 2094 255 2153 etius
269 2089 375 2170 aliquid
390 2091 509 2153 saecula
522 2101 570 2152 tuo
586 2092 680 2170 passis
696 2091 731 2152 ad
747 2091 902 2152 remedium
916 2090 1094 2169 salutemque
1109 2089 1189 2151 sulli-

133 2177 173 2241 ³1
186 2177 240 2236 ciat
256 2184 288 2236 nt
308 2177 392 2236 scias.
438 2174 573 2238 Omnibus
589 2175 721 2256 equidem
739 2174 873 2254 gentibus
893 2172 1005 2236 fertiles
1020 2191 1108 2236 annos
1123 2191 1189 2252 gra·
1283 2177 1284 2232 l

184 2270 285 2338 tasque
310 2268 401 2320 terras
427 2276 546 2337 precor:
583 2259 751 2321 crediderim
773 2270 866 2320 tamen
889 2276 942 2338 per
961 2258 1038 2319 bunc
1060 2258 1190 2336 Aegypti

135 2363 141 2376 ·
184 2352 285 2405 statum
305 2351 368 2404 tuas
387 2343 525 2403 fortunam
544 2345 621 2405 vires
644 2346 769 2422 experiri
789 2354 920 2424 tuamque
936 2342 1107 2421 vigilantiam
1120 2357 1190 2419 spe-

184 2435 262 2487 ctare
277 2424 414 2484 voluisse.
435 2424 506 2484 Nam
519 2443 581 2485 cum
594 2428 684 2487 omnia
698 2428 822 2488 secunda
832 2428 938 2507 ubique
949 2427 1103 2505 merearis,
1117 2443 1189 2486 nou·
1199 2435 1236 2488 25
1283 2493 1284 2506 ,

183 2527 220 2568 nc
234 2507 412 2570 manifestum
426 2517 487 2587 est,
503 2511 527 2569 si
542 2509 608 2587 quid
622 2509 735 2572 adversi
750 2511 842 2590 cadat,
858 2514 914 2573 tuis
928 2510 1058 2573 laudibus
1074 2510 1191 2590 tuisque
1283 2515 1284 2530 ³

183 2592 333 2654 virtutibus
348 2593 489 2654 materiam
504 2609 691 2673 campumque
706 2597 882 2675 praesterni,
905 2614 968 2656 cum
983 2594 1109 2657 secunda
1122 2592 1190 2654 feli-

184 2695 252 2756 ces,
268 2676 388 2738 adversa
402 2695 520 2756 magnos
535 2675 678 2758 probent?
699 2678 906 2741 Percrebuerat
921 2681 1073 2759 antiquitus
1088 2677 1192 2738 urbem

183 2772 308 2824 nostram
324 2762 377 2822 nisi
395 2761 498 2840 opibus
511 2764 639 2842 Aegypti
654 2763 691 2823 ali
706 2766 916 2844 sustentarique
930 2782 987 2824 non
1002 2781 1103 2842 posse.
1135 2763 1189 2822 Sn-

183 2845 332 2924 perbiebat
346 2855 466 2909 ventosa
481 2857 510 2907 et
524 2847 650 2907 insolens
664 2849 756 2926 natio,
773 2847 849 2927 quod
859 2850 999 2909 victorem
1010 2846 1124 2927 quidem
1136 2863 1188 2925 pc·
1199 2858 1237 2912 30

184 2929 280 3007 pulum
295 2940 429 3006 pasceret
444 2940 552 3008 tamen,
577 2931 711 3010 quodque
726 2933 756 2991 in
771 2949 824 2993 suo
839 2931 970 3011 dumine,
991 2932 1019 2990 in
1034 2931 1094 2994 suis
1109 2931 1189 2990 nari·

120 3091 124 3096 .
183 3013 237 3072 bus
256 3010 304 3072 vel
323 3011 490 3074 abundantia
510 3025 607 3076 nostra
626 3014 674 3076 vel
691 3015 781 3077 fames
802 3025 891 3077 esset.
929 3015 1097 3077 lieludimas
1119 3013 1190 3074 Nilo

184 3114 249 3158 suas
262 3096 376 3174 copias:
390 3100 501 3176 recepit
515 3098 654 3161 tramenta
665 3117 738 3177 quae
751 3101 866 3162 miserat
880 3100 1101 3180 deportatusque
1112 3115 1191 3159 mes·

183 3198 232 3240 ses
243 3180 363 3241 revexit.
381 3179 481 3242 Discat
494 3183 580 3260 igitur
589 3185 741 3262 Aegyptus
752 3183 907 3263 credatque
919 3184 1116 3262 experimento
1129 3199 1190 3243 non

183 3263 315 3325 alimenta
331 3284 364 3325 se
380 3266 464 3326 nobis
477 3266 529 3326 sed
545 3268 648 3328 tributa
663 3277 824 3346 praestare:
844 3269 916 3330 sciat
931 3287 964 3330 se
979 3284 1037 3328 non
1051 3285 1120 3328 esse
1135 3279 1236 3345 [ιο-35

183 3347 252 3428 pulo
266 3346 393 3408 Romano
408 3352 615 3428 necessariam,
634 3360 663 3411 et
678 3361 770 3413 buren
783 3354 896 3413 serviat.
917 3351 1083 3428 Postbaec,
1101 3351 1189 3413 siva·
1283 3359 1284 3392 ³

183 3431 241 3509 let,
261 3430 344 3492 Nilus
358 3443 433 3494 amet
448 3433 558 3494 alveum
573 3452 654 3496 suum
671 3443 700 3495 et
714 3436 834 3497 fluminis
848 3436 962 3497 modum
976 3445 1089 3498 servet:
1115 3434 1189 3496 nr'lril

184 3515 240 3576 boc
257 3515 292 3576 ad
306 3515 421 3596 urbem,
437 3535 470 3577 ac
485 3537 522 3579 ne
537 3519 572 3579 ad
588 3519 752 3602 Aegyptam
767 3521 897 3601 quidem,
912 3521 966 3582 nisi
981 3531 1011 3582 ut
1027 3518 1094 3579 inde
1108 3521 1190 3580 navi-
