2584 3972
366 239 628 303 EPISTULARUM
643 239 694 302 ΙΙΙ.
715 251 758 306 20.
775 252 819 306 21.
1055 241 1098 307 65

101 391 198 471 aliquid
212 410 269 454 non
289 392 393 454 humile
413 413 468 454 nec
490 393 632 456 sordidum
646 413 701 454 nec
715 395 832 473 privatis
846 394 933 455 rebus
947 394 1094 456 inclusum.

102 475 165 535 Sunt
178 475 291 554 quidem
312 487 413 537 cuncta
428 477 480 538 sub
496 482 577 539 unius
592 478 723 560 arbitrio,
748 479 795 557 qui
814 495 868 557 pro
883 477 1001 540 utilitate
1018 492 1140 545 com-12

101 561 169 619 muni
184 559 264 621 solus
285 562 409 622 omnium
424 580 506 622 curas
521 561 694 640 laboresque
709 565 852 641 suscepit;
876 561 987 640 quidam
1002 574 1095 624 tamen

102 643 198 704 salubri
219 653 442 724 temperamento
464 645 499 706 ad
518 663 570 706 nos
594 663 707 723 quoque
728 645 808 705 velut
827 647 879 705 rivi
900 664 937 705 ex
952 644 1001 706 illo
1018 647 1095 706 beni·
1151 643 1160 654 ''

80 728 227 804 tguissimo
250 729 329 788 fonte
350 729 518 806 decurrunt,
541 745 612 808 quos
634 738 664 789 ot
687 729 797 789 haurire
818 730 874 807 ipsi
888 739 917 790 et
932 730 1096 791 absentibus

100 813 187 872 amicis
202 815 283 891 quasi
297 814 454 873 ministrare
470 813 601 892 epistulis
616 829 777 891 possumus,
806 812 887 872 Vale.

556 944 632 1007 xxu.
953 922 1024 1019 N!

285 1044 311 1094 o.
331 1045 456 1097 rnrurus
476 1045 635 1098 conuento
654 1043 768 1096 nnrsco
787 1043 847 1094 sno
866 1047 893 1098 s,
982 1030 1002 1088 c

69 1149 100 1204 lb.
114 1085 243 1228 Audio
258 1147 401 1209 Valerium
415 1147 570 1210 Martialem
584 1147 747 1208 decessisse
760 1157 788 1208 et
799 1146 920 1208 moleste
932 1147 1005 1208 lero.
1027 1144 1118 1214 Erat]

27 1261 29 1264 ·
99 1230 174 1290 bomo
192 1233 359 1310 ingeniosus
380 1241 478 1293 acutus
500 1250 586 1310 acer,
610 1241 639 1294 et
661 1234 707 1310 qni
724 1232 873 1311 plurimum
893 1234 920 1291 in
942 1231 1110 1293 scribendo

100 1323 125 1374 et
138 1314 203 1376 salis
217 1315 339 1376 baberet
354 1325 384 1376 et
399 1315 476 1377 fellis
491 1334 547 1376 nec
562 1316 694 1377 candoris
708 1318 807 1378 minus.
830 1315 1002 1376 Prosecutus
1019 1329 1121 1380 eramo

99 1399 192 1460 viatico
205 1399 405 1460 secedentem:
418 1399 551 1461 dederam
562 1400 617 1460 boc
629 1401 778 1477 curicitico,
791 1398 923 1460 dederam
936 1401 1018 1459 etiam
1028 1417 1098 1459 ven·

99 1482 187 1544 siculis
207 1499 283 1562 quos
299 1482 335 1544 de
349 1501 394 1544 me
411 1485 580 1565 composuit.
611 1483 675 1544 Fuit
689 1485 776 1545 moris
794 1485 898 1564 antiqui
914 1501 965 1544 eos
982 1485 1029 1562 qui
1045 1483 1120 1546 vel3

69 1566 266 1644 ttsingulcrum
288 1567 387 1628 laudes
407 1566 455 1626 vel
478 1569 588 1628 urbium
610 1570 784 1647 scripserant
805 1577 852 1629 aut
873 1568 1028 1628 bonoribus
1049 1578 1095 1628 aut

99 1653 209 1726 pecunia
232 1669 352 1721 omare;
373 1653 476 1712 uostris
497 1668 569 1712 vero
589 1652 765 1733 temporibus
785 1661 815 1712 ut
836 1651 890 1712 alia
911 1654 1044 1731 speciosa
1066 1661 1095 1712 et

100 1737 205 1814 egregia
219 1737 260 1796 ita
274 1735 330 1795 boc
345 1736 373 1795 in
390 1737 487 1814 primis
503 1734 636 1814 exolevit.
664 1735 735 1796 Nam
749 1745 900 1816 postquam
915 1736 1038 1796 desimus
1054 1735 1094 1795 la·

100 1833 159 1878 cere
171 1818 325 1897 laudanda,
348 1819 453 1879 laudari
470 1837 584 1898 quoque
599 1821 725 1898 ineptum
740 1829 877 1898 putamus.
909 1819 1030 1894 Quaeris
1046 1821 1120 1899 quit

100 1902 148 1962 sint
162 1902 296 1964 versiculi
312 1903 413 1981 quibus
433 1905 551 1981 gratiam
565 1901 683 1964 rettuli?
710 1903 895 1965 Remitterem
910 1913 939 1964 te
953 1904 989 1965 ad
1002 1905 1094 1982 ipsum

69 1983 231 2063 bvolumen,
244 1987 299 2047 nisi
311 1987 448 2066 quosdam
459 1995 599 2047 tenerem:
615 1996 656 2064 tu,
673 1989 697 2047 si
711 1988 869 2066 placuerint
881 1989 920 2064 bi,
937 1997 1051 2048 ceteros
1066 1991 1094 2047 in

101 2066 164 2130 libro
179 2072 319 2151 requires.
351 2070 520 2148 Adloquitur
539 2069 662 2147 blusam,
687 2071 799 2132 mandat
819 2079 849 2130 ut
870 2071 982 2131 domum
1003 2080 1119 2132 meam5

100 2148 214 2232 Esquilis
230 2163 359 2235 quaesto,
375 2154 457 2215 adeat
471 2162 650 2214 reverenter:

242 2236 295 2300 sed
310 2257 346 2298 ne
361 2247 492 2316 ternpore
506 2255 563 2298 non
577 2248 627 2299 tuo
643 2236 775 2298 disertam

243 2322 344 2402 pulses
360 2322 437 2383 ebria
451 2324 559 2382 ianuam
573 2321 685 2382 videto:

69 2409 101 2466 25.
240 2416 317 2468 totos
332 2406 379 2466 dat
392 2407 511 2466 tetricae
526 2405 587 2466 dies
602 2404 758 2483 Minervae,

243 2490 309 2550 dum
323 2499 434 2550 centum
449 2489 544 2550 studet
558 2489 672 2550 auribus
686 2491 810 2550 virorum

241 2576 298 2635 boc
314 2573 390 2653 quod
405 2573 519 2635 saecula
534 2576 699 2652 posterique
714 2575 825 2652 possint

242 2658 358 2737 Arpinis
375 2675 490 2736 quoque
506 2675 670 2734 comparare
687 2657 799 2718 chartis.

243 2759 323 2802 seras
336 2743 424 2800 tutior
437 2741 491 2800 ibis
508 2740 544 2800 ad
558 2740 704 2800 lucernas:

70 2828 104 2888 lo.
242 2826 315 2886 haec
330 2825 399 2886 bora
414 2833 459 2884 est
473 2833 535 2902 tua,
552 2842 616 2883 cum
631 2823 698 2884 iurit
711 2821 838 2899 Lyaeus,

243 2927 306 2968 cum
320 2917 421 2985 regnat
435 2925 516 2990 rosa,
533 2926 596 2967 cum
611 2907 723 2969 madent
738 2905 847 2986 capilli:

241 3001 308 3052 tuno
322 3010 369 3052 me
383 2990 432 3050 vel
445 2991 528 3069 rigidi
543 2991 638 3070 legant
653 2991 785 3052 Catones.

102 3067 229 3134 lleritone
244 3093 306 3136 enm
324 3078 371 3155 qui
385 3075 458 3135 llaec
472 3075 508 3135 de
520 3093 565 3134 me
577 3077 691 3155 scripsit
705 3085 733 3134 ct
745 3083 811 3134 tunc
823 3075 851 3135 di
881 3073 888 3089 ⁸
905 3073 1119 3134 iamicissimeb

104 3162 128 3212 et
144 3175 216 3218 nunc
236 3168 266 3219 ut
287 3161 486 3220 amicissimum
506 3158 670 3220 defunctum
690 3176 756 3219 esse
778 3154 886 3217 doleo?
911 3155 997 3216 Dedit
1019 3156 1093 3215 enim

70 3238 161 3300 senili
176 3251 305 3319 quantum
320 3244 467 3304 maximum
481 3245 588 3323 potuit,
610 3243 724 3303 daturus
743 3241 880 3322 amplius,
904 3242 929 3300 si
941 3243 1092 3320 potuisset.

104 3317 216 3385 Tametsi
238 3328 303 3406 quid
318 3328 423 3388 bomini
436 3335 532 3406 potest
552 3327 611 3386 dari
630 3328 718 3387 maius
742 3343 824 3405 quam
840 3325 931 3403 gloria
947 3332 976 3385 et
990 3323 1051 3384 laus
1066 3331 1095 3382 et

104 3407 262 3470 aeternitas?
283 3410 328 3472 Ad
342 3429 398 3472 non
414 3419 494 3470 erunt
508 3420 623 3471 aeterna
638 3429 711 3490 quae
727 3411 856 3490 scripsit:
870 3426 927 3469 non
943 3417 1024 3468 erunt
1038 3406 1096 3467 ior·

104 3494 182 3632 taspe,
197 3492 246 3636 illEa
260 3503 353 3556 tamen
369 3496 484 3575 scripsit
498 3504 637 3574 tamquam
653 3503 752 3556 essent
766 3495 867 3556 lutura.
900 3491 981 3637 igale.

157 3595 206 3634 Lllll
244 3598 267 3636 P·
608 3609 611 3626 t
