2580 3970
389 254 654 318 enumeremus
675 265 823 320 teos-55.
1043 256 1106 321 271

102 409 258 488 quiescant.
272 406 337 481 Quo
344 410 530 486 constantius,
543 417 640 487 patres
654 406 819 488 conscripti,
828 418 856 469 et
865 407 980 472 dolores
992 420 1106 471 nostros

102 491 244 571 etgsudia
255 491 449 570 proioremus:
469 495 619 554 laetenmr
636 494 685 554 bie
697 494 808 570 quibus
817 493 968 572 hemer,
988 496 1105 572 ingemi-

101 593 214 636 scamus
230 573 287 636 illis
308 591 381 654 quae
403 577 587 654 patiebamur.
617 575 705 636 Simul
719 586 870 655 utrumque
886 575 1045 637 iaciendum
1061 587 1106 639 est

101 659 155 721 sub
166 660 242 720 bono
253 660 395 738 principe.
406 658 468 721 lloo
480 669 591 721 secreta
601 671 709 738 noema,
717 660 774 720 boc
785 675 945 738 sermones,
957 660 1013 722 boc
1025 663 1105 740 ipsae

73 742 1105 907 ⁵utilibusqueleustettubllltltltllel:

100 909 172 970 Nom
186 927 251 970 cum
268 909 304 972 de
318 910 391 970 malo
406 913 536 991 principe
549 913 660 990 posteri
673 920 785 989 tacent,
808 912 987 973 manifestum
1001 923 1046 974 est
1058 931 1104 972 ea·

100 994 166 1054 dem
187 993 284 1056 iacere
301 1005 493 1074 praesentem.
525 994 562 1056 lit
583 997 646 1074 quis
664 997 718 1055 iam
732 994 816 1057 locus
830 999 951 1055 miserae
966 994 1102 1057 adulatio·
1113 995 1154 1061 54

98 1077 144 1138 nis
166 1079 296 1140 manebat
310 1081 439 1156 ignarus,
461 1097 525 1139 cum
545 1077 644 1140 laudes
664 1083 864 1158 imperatorum
885 1079 958 1140 ludis
975 1081 1059 1140 etiam
1075 1091 1105 1142 et

59 1175 91 1227 ιο
102 1163 349 1223 commissionibus
364 1161 595 1240 celebrarentur,
614 1163 799 1241 saltarentur,
819 1173 905 1242 atque
920 1165 949 1223 iu
964 1181 1047 1224 omne
1061 1163 1104 1223 lu-

101 1245 221 1306 dibrium
236 1246 404 1308 effeminatis
418 1248 539 1307 vocibus
553 1246 645 1307 modis
659 1247 790 1325 gestibus
806 1244 1026 1324 frangerentur?
1045 1249 1104 1309 Sed

97 1328 170 1389 illud
183 1329 327 1408 indignum
342 1329 418 1408 quod
433 1331 536 1391 eodem
550 1339 679 1408 tempore
694 1333 722 1391 iu
733 1340 833 1390 sauatu
847 1339 877 1392 et
888 1333 916 1390 iu
932 1347 1052 1409 scaena,
1068 1333 1103 1392 eb

98 1414 237 1474 histrione
250 1422 279 1474 et
294 1414 441 1475 aconsule
457 1413 649 1475 laudabuntur.
676 1413 718 1474 'lu
733 1413 835 1494 procul
850 1433 866 1475 a
882 1417 922 1476 tui
940 1414 1017 1476 cultu
1032 1415 1103 1476 ludi·

100 1515 165 1558 cras
179 1507 255 1558 ortes
269 1499 426 1558 removisti.
448 1498 529 1560 Seria
542 1516 613 1577 ergo
628 1508 657 1559 te
673 1499 793 1559 carmina
806 1499 955 1578 honorque
969 1509 1102 1562 aeternus

56 1591 88 1644 15
99 1579 255 1659 amelium,
275 1599 332 1642 uon
346 1581 418 1642 bee'c
432 1582 527 1643 brevis
541 1591 571 1643 et
585 1582 717 1662 pudenda
731 1583 905 1662 praedicatio
925 1582 1009 1644 colit:
1035 1585 1103 1663 quin

98 1667 184 1726 etiam
206 1673 283 1726 tanto
304 1667 410 1726 maiore
431 1683 573 1728 consensu
593 1669 621 1727 in
634 1668 846 1727 venerationem
861 1669 902 1728 tui
916 1668 1026 1729 theatra
1040 1671 1103 1748 ipsa

99 1759 291 1827 consurgent,
319 1759 422 1830 quanto
442 1753 532 1828 magis
553 1751 589 1812 de
608 1761 638 1812 te
658 1769 780 1813 scaenae
796 1751 929 1812 silebunt.
962 1750 1020 1811 Sed
1035 1752 1101 1830 quid

97 1850 157 1910 ego
175 1833 251 1894 istud
270 1833 406 1912 admiror,
427 1851 491 1894 cum
510 1852 564 1896 eos
583 1853 698 1915 quoque
718 1835 843 1897 bonores
858 1837 906 1914 qui
922 1835 973 1895 tibi
986 1852 1004 1894 a
1016 1835 1100 1896 nobis

98 1917 257 1978 odorantur
269 1927 316 1978 aut
331 1917 458 1979 delibare
471 1921 639 1998 parcissime
652 1927 699 1978 aut
714 1920 826 1980 omniuo
838 1918 933 1979 soleas
944 1915 1100 1978 recusare?

54 2009 88 2064 20
97 1999 176 2060 Nibil
190 2011 255 2062 ante
268 2010 324 2062 tem
337 2002 472 2080 vulgare,
493 2012 549 2062 tam
564 2019 681 2082 parvum
694 2003 722 2060 in
738 2012 837 2062 senatu
851 2001 989 2080 agebatur
999 2011 1030 2062 ut
1044 2019 1100 2062 uon

96 2084 228 2147 laudibus
246 2087 405 2166 principum
425 2087 629 2146 immorarentur
648 2085 872 2165 quibuscumque
894 2084 1030 2146 censendi
1050 2105 1099 2146 ne·

98 2170 221 2230 cessitas
234 2169 396 2231 accidisset.
433 2169 478 2229 De
493 2168 651 2248 ampliando
666 2186 783 2230 numero
797 2168 983 2247 gladiatorum
1000 2178 1048 2229 aut
1064 2169 1100 2230 de

96 2253 270 2314 instituendo
287 2253 414 2332 collegio
431 2253 573 2314 labrorum
592 2252 827 2330 consulebamus,
843 2262 873 2313 et
887 2253 966 2332 quasi
981 2251 1099 2332 prolatis

96 2337 210 2416 imperii
230 2338 331 2399 linibus
348 2355 422 2397 nunc
436 2339 570 2415 ingentes
584 2355 668 2397 arcus
682 2354 914 2416 excessurosque
928 2334 1099 2414 templorum

54 2429 88 2484 25
99 2419 243 2498 festigium
254 2420 369 2499 titulos,
394 2439 469 2484 nuuc
483 2439 598 2482 meuses
614 2423 697 2482 etiem
711 2439 765 2482 nec
780 2420 834 2481 bos
849 2419 980 2499 singulos
995 2422 1100 2482 nomini

97 2501 253 2564 Gaesarem
273 2504 443 2566 dicebamus.
475 2504 655 2566 Patiebantur
677 2505 735 2582 illi,
763 2515 793 2566 et
815 2507 895 2583 quasi
916 2507 1099 2582 meruissent,

96 2586 282 2649 laetabantur.
319 2587 357 2648 At
373 2605 448 2649 nunc
463 2591 526 2668 quis
540 2599 684 2666 nostrum,
708 2598 848 2668 tamquam
864 2587 970 2650 oblitus
985 2591 1047 2650 sius
1064 2588 1100 2649 de

98 2685 157 2750 quo
179 2671 318 2750 refertur,
351 2673 486 2733 censendi
507 2673 631 2733 cilicium
650 2674 788 2752 principis
808 2673 917 2734 bonore
940 2669 1099 2734 consumit?

97 2753 177 2814 'luue
190 2756 389 2816 moderationis
400 2755 461 2817 leus
478 2756 550 2817 baec
563 2758 718 2817 constantia
730 2766 840 2817 nostra:
854 2756 905 2817 tibi
917 2756 1101 2834 obsequimur

53 2846 88 2901 30
99 2838 177 2917 quod
192 2841 220 2899 in
234 2841 337 2900 cumam
350 2855 406 2900 uon
423 2841 458 2903 ad
473 2850 615 2904 conamen
627 2839 815 2900 adulationum
829 2839 881 2901 sed
895 2839 930 2899 ed
945 2857 1026 2901 usum
1040 2857 1100 2899 mu·

96 2939 209 3002 nosque
226 2925 347 2984 iustitiae
362 2925 562 3001 convenimus,
575 2925 646 2984 bano
660 2922 833 3002 simplicitati
846 2933 912 2984 tuae
928 2924 1100 3001 veritatique

97 3009 215 3084 gretiam
229 3006 346 3068 relaturi
362 3017 393 3068 ut
408 3015 437 3068 te
452 3025 525 3087 queo
540 3009 584 3068 vis
598 3007 691 3086 velle,
713 3025 786 3086 quae
801 3025 858 3068 non
871 3009 915 3068 vis
935 3006 1014 3068 nolle
1037 3024 1101 3068 cre·

98 3089 206 3150 demas.
241 3089 394 3170 lucipimus
418 3091 501 3169 inde,
528 3089 682 3152 desinimus
702 3093 741 3152 ibi
760 3109 776 3152 e
796 3108 853 3171 quo
874 3092 978 3170 incipi,
1001 3093 1100 3170 inquo

98 3172 190 3234 desini
204 3174 258 3235 sub
273 3174 329 3235 alio
344 3177 474 3254 principa
489 3192 546 3234 non
561 3185 671 3252 posset.
693 3173 764 3236 llam
775 3175 932 3254 plerosque
947 3193 985 3236 er
999 3174 1100 3236 decre·
1204 3236 1213 3242 ,

54 3263 88 3319 eb
97 3260 134 3318 tis
143 3258 305 3320 bonoribus
325 3267 355 3319 et
374 3257 420 3320 elii
436 3275 491 3319 nou
505 3268 692 3337 receperuut;
717 3274 801 3320 nemo
816 3269 881 3320 aute
895 3263 989 3319 tantus
1003 3257 1056 3320 luit
1071 3267 1101 3318 ut

99 3340 266 3404 crederetur
278 3341 405 3403 uoluisse
418 3342 545 3402 decerni.
565 3341 650 3415 Quos
664 3360 721 3420 ego
735 3341 824 3405 titulis
842 3343 971 3404 omnibns
985 3342 1100 3422 specio·

98 3426 157 3487 sius
172 3443 254 3504 reor,
271 3425 382 3505 quando
395 3443 452 3486 nou
466 3427 593 3488 trabibus
608 3436 655 3486 aut
670 3428 747 3487 sexis
761 3444 864 3487 nomen
879 3436 957 3487 tuum
971 3425 1024 3487 sed
1039 3441 1099 3484 mo·

97 3511 236 3573 dumentis
251 3518 384 3572 aeternae
398 3508 487 3571 laudis
501 3508 640 3572 inciditur.
667 3508 723 3572 lbit
741 3512 770 3571 in
784 3509 901 3572 saecule
916 3510 1005 3572 luisse
1020 3509 1096 3588 prin·
1109 3501 1151 3570 55
