2584 3972
186 249 248 314 roa
282 225 284 231 ’
612 247 644 308 o.
667 245 765 306 rurur

185 403 239 464 ista
253 401 288 463 ad
306 411 445 464 munuum
459 400 619 480 pertinent,
642 398 694 460 sed
708 399 919 478 pertinuerunt,
941 413 1005 456 eura
1019 403 1199 475 moreretur,

186 489 330 565 pertinent
349 485 386 547 ad
399 484 453 546 hos
469 485 516 562 qui
532 492 694 562 supersunt.
717 479 775 541 Iam
790 481 866 560 qued
880 482 910 540 in
930 480 1001 542 dora
1022 481 1114 558 primo
1134 489 1200 540 ten·

185 580 232 631 tae
248 569 350 632 indolis
367 569 478 633 iuvenis
493 569 636 629 extinctus
653 576 716 642 est,
737 583 846 626 somma
861 573 1079 642 consecuturus,
1096 565 1123 625 si
1137 565 1199 624 vir·

161 655 263 716 5tutes
281 655 344 715 eius
358 653 567 714 maturuissent.
598 650 663 725 Quo
683 648 733 710 ille
751 648 907 711 studiorum
927 665 1024 709 amore
1040 647 1199 726 flagrabat!

188 749 322 818 quantum
334 735 423 814 legit,
445 743 579 815 quantum
592 737 676 795 etiam
692 731 823 812 scripsit!
845 750 918 812 quae
928 751 1004 793 nune
1019 735 1112 792 emnia
1131 739 1223 792 eamd

160 821 251 901 liipso
272 824 334 884 sine
354 820 450 882 fruere
471 819 646 898 posteritatis
661 818 800 879 abierunt.
830 816 890 878 Sed
901 816 968 896 quid
983 833 1039 895 ego
1054 815 1199 894 indulgeo

187 901 300 966 dolori?
324 905 370 966 eui
384 904 409 966 si
428 902 526 964 frenos
545 904 688 979 remittes,
709 898 787 961 nulla
801 903 917 962 materia
930 918 987 961 non
1002 902 1123 960 maxima
1140 909 1198 964 est·

186 987 285 1050 Finem
302 986 445 1068 epistulae
455 985 573 1063 faeiem,
595 996 626 1047 ut
640 986 738 1046 ieeere
754 986 864 1062 possim
879 986 962 1046 etiarn
979 983 1103 1045 lacrimis
1123 1001 1198 1064 qaae

187 1071 310 1152 epistula
324 1071 477 1150 expressit.
511 1068 594 1130 Vale.

584 1263 796 1276 1—-1--1———91

404 1433 442 1516 o.
472 1431 585 1512 ruu
615 1429 776 1512 eruum
806 1427 982 1512 suuuuur

307 1595 1076 1714 llllllllillllll
1202 1590 1230 1646 ¹⁵

555 1787 653 1844 LIBER
676 1787 820 1846 SEXTUS.

677 1948 699 2009 I.

480 2049 507 2102 0.
526 2049 653 2102 PLINIUS
672 2048 781 2100 TIRONI
798 2046 858 2100 SUO
874 2047 901 2098 S.

165 2165 179 2215 1
254 2153 343 2227 Quam
356 2153 403 2214 diu
416 2171 473 2232 ego
488 2163 566 2217 trans
577 2152 691 2230 Padum,
703 2162 734 2213 tu
746 2153 776 2211 in
787 2150 904 2228 Piceno,
916 2152 1007 2212 minus
1022 2161 1052 2212 te
1065 2153 1193 2229 require·

189 2238 269 2298 bern:
284 2247 435 2316 postquam
451 2255 510 2314 ego
524 2239 553 2298 in
568 2237 652 2314 urbe,
667 2245 697 2296 tu
712 2235 805 2296 adhue
815 2237 843 2294 in
854 2233 972 2313 Pieeno,
983 2234 1071 2295 multo
1086 2238 1193 2313 magis:

190 2339 242 2380 sou
258 2319 334 2399 quod
348 2321 412 2398 ipsa
431 2319 497 2380 loca
515 2321 544 2380 in
564 2320 667 2398 quibus
688 2339 755 2381 esse
770 2335 825 2379 una
840 2316 968 2379 solemus
983 2321 1077 2380 aerius
1091 2338 1138 2380 me
1151 2321 1193 2381 tui

191 2409 387 2479 commonent,
407 2420 460 2462 sen
479 2402 556 2480 quod
576 2402 746 2464 desiderium
767 2403 925 2463 absentium
940 2401 1008 2462 nihil
1022 2402 1142 2482 perinde
1157 2419 1230 2474 aem

189 2486 319 2545 vicinitas
339 2486 432 2563 nouit,
456 2503 571 2565 quoque
593 2487 711 2566 propius
731 2488 892 2547 accesseris
913 2485 948 2546 ad
967 2504 1048 2565 spem
1069 2486 1191 2564 fruendi,

165 2568 248 2629 thoe
267 2569 456 2648 impatientius
482 2587 588 2630 oareas.
625 2567 767 2649 Quidquid
786 2571 814 2629 in
832 2571 938 2647 ‘eause,
960 2572 1040 2650 eripe
1061 2588 1107 2631 rne
1126 2569 1192 2630 huie
1275 2645 1276 2654 ἵ

189 2662 346 2715 tormento:
361 2654 438 2732 reni,
451 2663 500 2714 aut
514 2671 570 2732 ego
587 2653 656 2715 illue
666 2654 741 2715 unde
757 2653 918 2716 inconsulte
933 2656 1085 2734 properavi
1096 2672 1191 2714 rever·
1275 2655 1276 2728 ἶ

63 2775 65 2780 -
189 2746 243 2815 tar,
257 2736 305 2802 vel
320 2739 358 2800 ol)
372 2737 429 2800 lroe
443 2738 536 2800 solum
550 2741 723 2818 ut‘enperier
736 2755 771 2799 an
783 2738 862 2816 mihi,
881 2755 944 2799 eum
955 2740 1018 2798 sine
1028 2757 1074 2798 me
1085 2736 1191 2798 Rornae
1275 2747 1276 2822 p

191 2824 325 2901 coeperis
342 2841 421 2900 esse,
437 2821 545 2884 similes
558 2821 603 2882 Iris
618 2821 757 2900 epistulas
773 2825 877 2884 mittes.
908 2821 990 2884 Vale.
1197 2845 1229 2898 30
1275 2823 1276 2902 l

256 2989 259 2998 .
674 2954 687 3014 I
704 3001 710 3013 .

198 2999 277 3095 Ἣ
462 3053 490 3107 C.
509 3053 635 3106 PLINIUS
650 2955 797 3108 ARIIIIANO
815 3053 874 3107 SUO
894 3055 920 3110 S.

164 3161 179 3212 1
252 3155 341 3218 Soleo
354 3173 411 3218 non
425 3174 575 3237 numquam
587 3159 617 3219 in
630 3158 741 3221 iudieiis
754 3177 894 3240 quaerere
904 3158 944 3219 II.
955 3158 1109 3238 Regulum,
1124 3157 1189 3220 nolo

163 3240 264 3300 terim
278 3239 392 3319 dieere,
415 3241 589 3304 desiderare.
623 3241 682 3304 Gur
699 3261 770 3322 ergo
785 3241 913 3324 quaero?
944 3243 1075 3304 ilabebat
1092 3242 1226 3311 stadiists
1275 3317 1276 3328 χ

189 3321 344 3402 honorem,
366 3325 498 3404 timebat,
520 3326 661 3406 pallebat,
683 3329 844 3406 scribebat,
865 3329 991 3408 quamvls
1015 3344 1071 3387 uon
1092 3335 1188 3406 posset

191 3405 331 3468 ediscere.
364 3406 438 3470 Illud
460 3411 570 3490 ipsum,
593 3411 669 3489 quod
683 3411 796 3472 oculum
809 3412 895 3473 modo
910 3411 1040 3472 dextrum
1053 3409 1138 3470 modo
1152 3412 1187 3470 si·

188 3491 305 3552 nistrunr
320 3491 550 3573 circumlinebat,
574 3494 721 3574 dextrum,
743 3496 767 3554 si
787 3497 958 3574 apetitore‚
981 3493 1118 3573 alterurn,
1133 3495 1188 3554 sia

1200 2007 1231 2059 id
