2580 3978
391 284 793 349 urlsrounnon11.1.n.
1054 287 1096 349 23

88 451 119 503 et
136 442 220 501 stanti
234 441 298 520 ipso
314 439 443 519 pondere
464 439 580 519 elapsus
596 448 651 500 cst.
686 436 768 498 Hunc
783 437 847 499 dum
868 440 999 517 sequitur
1014 439 1096 500 colli·

89 528 207 605 gitque,
223 541 277 603 por
290 523 357 582 leve
373 534 402 584 et
417 521 556 583 lubricum
571 525 760 602 pavimentum
774 520 892 582 fallente
907 524 1031 600 vestigio
1047 542 1095 584 oe·

88 609 157 670 cidit
179 625 337 686 coxamque
360 607 463 684 iregit,
490 624 563 686 quae
580 625 678 686 parum
697 616 763 685 apte
781 605 923 667 collocata
936 603 1096 667 reluctante

86 702 182 754 aetate
202 690 277 752 male
298 693 376 751 coiit.
410 690 499 752 Huius
519 693 573 751 viri
592 692 733 769 exequiae
752 708 883 769 magnum
904 699 1120 754 omamentumo

65 777 223 855 sprincipi,
241 791 373 853 magnum
387 774 523 853 saeculo,
538 792 669 852 magnum
684 775 768 835 etiam
783 775 847 835 ioro
864 783 893 833 et
906 775 1007 836 rostris
1023 783 1095 836 attu-

86 860 194 920 leruut.
225 858 367 919 Laudatus
381 868 427 919 est
443 877 460 919 a
481 857 601 920 consule
623 856 758 919 Cornelio
774 858 887 919 Tacito:
908 877 971 918 uam
986 858 1033 918 hic
1047 877 1095 920 su·

85 961 206 1024 premus
220 942 351 1004 felicitati
367 945 429 1003 eius
442 941 570 1003 cumulus
586 945 728 1020 accessit,
748 942 876 1003 laudator
892 941 1095 1021 eloquentissi-

85 1046 162 1088 mus.
191 1025 229 1086 Et
243 1026 293 1087 ille
309 1026 422 1106 quidem
435 1025 537 1105 plenus
551 1029 630 1086 annis
643 1027 722 1104 abiit,
738 1026 842 1104 plenus
853 1026 1021 1103 honoribus,
1037 1026 1120 1086 illisi

73 1113 176 1180 ¹etiam
195 1128 268 1190 quos
287 1113 446 1170 recusavit:
463 1111 547 1172 nobis
569 1120 662 1171 tamen
679 1110 857 1189 quaerendus
877 1129 911 1170 ac
933 1109 1096 1171 desideran-

51 1203 79 1254 10
87 1195 142 1256 dus
158 1203 204 1254 est
220 1204 250 1254 ut
266 1194 414 1274 exemplar
426 1197 490 1255 aevi
505 1196 624 1273 prioris,
645 1195 712 1253 mibi
726 1211 797 1254 vero
811 1196 983 1274 praecipue,
1001 1197 1050 1272 qui
1063 1193 1096 1253 il·

86 1279 149 1338 lum
163 1295 221 1337 non
241 1277 334 1339 solum
348 1277 465 1358 publice
486 1287 618 1356 quantum
635 1277 789 1338 admirabar
809 1287 914 1339 tantum
929 1277 1095 1355 diligebam

87 1365 212 1442 primum
234 1363 311 1440 quod
331 1364 443 1441 uimque
462 1361 562 1422 eadem
581 1363 682 1440 regio,
708 1362 860 1440 municipia
878 1363 1007 1437 linitima,
1034 1362 1122 1438 agrifl

87 1449 175 1507 etiam
195 1447 456 1524 possessionesque
478 1450 663 1522 coniunctae,
688 1454 838 1524 praeterea
861 1445 938 1526 quod
957 1443 1008 1506 ille
1030 1444 1098 1505 mihi

86 1539 168 1591 tutor
181 1529 299 1591 relictus
319 1530 462 1591 adiectum
481 1532 607 1609 parentis
621 1529 758 1590 exhibuit.
793 1529 843 1590 Sic
858 1529 1035 1592 candidatum
1049 1547 1097 1588 me

50 1625 78 1675 15
88 1613 228 1690 suffragio
245 1615 370 1691 ornavit,
395 1615 437 1673 sic
458 1613 494 1673 ad
513 1630 612 1674 omnes
632 1613 756 1674 honores
770 1630 851 1674 meos
870 1633 907 1674 ex
929 1613 1095 1675 secessibus

88 1699 264 1776 accucurrit,
283 1714 347 1758 cum
360 1699 414 1756 iam
430 1697 540 1776 pridem
555 1697 693 1758 eiusmodi
710 1697 813 1758 ciliciis
827 1699 1037 1775 renuntiasset,
1053 1699 1096 1757 sic

87 1781 142 1841 illo
159 1781 206 1841 die
229 1799 286 1861 quo
306 1780 473 1842 sacerdotes
493 1781 588 1843 solent
604 1784 748 1842 nominare
764 1799 837 1860 quos
852 1782 1035 1860 dignissimos
1051 1798 1096 1842 sa·

90 1864 223 1925 cerdotio
237 1865 361 1926 iudicant
375 1882 421 1924 me
437 1881 553 1943 semper
566 1866 734 1926 nominabat,
757 1865 831 1939 Quin
842 1868 926 1926 etiam
937 1867 965 1924 in
975 1864 1029 1925 hac
1043 1870 1122 1925 nob

88 1949 207 2009 sissima
227 1948 380 2009 valitudine
396 1950 504 2009 veritus
523 1968 560 2010 ue
580 1949 655 2011 forte
670 1951 745 2010 inter
764 1951 967 2028 quinqueviros
982 1966 1096 2009 creare·

48 2042 153 2110 notar,
176 2035 223 2111 qui
244 2032 403 2094 minuendis
422 2031 547 2110 publicis
567 2034 725 2110 sumptibus
740 2032 844 2092 iudicio
860 2042 975 2110 senatus
991 2034 1097 2094 consti-

89 2117 254 2194 tuebantur,
273 2135 337 2176 cum
347 2116 390 2176 illi
403 2124 446 2176 tot
459 2118 541 2176 amici
557 2135 644 2177 senes
657 2115 881 2195 consularesque
895 2124 1095 2195 superessent,

88 2218 135 2259 me
149 2199 235 2260 huius
248 2203 350 2262 aetatis
367 2218 420 2280 per
434 2219 519 2279 quem
535 2209 722 2261 excusaretur
732 2199 833 2279 elegit,
847 2198 893 2261 bis
907 2198 1022 2279 quidem
1031 2217 1096 2259 ver-

89 2283 134 2344 bis
150 2285 249 2344 ‘etiam
263 2286 288 2344 si
303 2284 388 2344 lilium
402 2283 552 2362 haberem,
568 2285 618 2344 tibi
632 2283 814 2344 mandarem?
848 2282 958 2355 Quibus
974 2302 1013 2344 ex
1030 2301 1096 2344 cau·
1106 2286 1140 2338 lo

90 2369 131 2428 sis
151 2386 276 2430 necesse
296 2378 343 2429 est
362 2377 502 2446 tamquam
522 2370 685 2428 inmaturam
704 2376 825 2428 mortcm
847 2370 909 2429 eius
923 2370 952 2428 in
966 2369 1029 2429 sinu
1046 2376 1095 2427 tuo

49 2451 229 2521 maleficam
245 2453 270 2513 si
283 2461 377 2512 tamen
391 2453 434 2513 ias
448 2462 495 2513 est
508 2463 555 2512 aut
569 2452 640 2512 llere
654 2460 701 2512 aut
716 2453 829 2512 omnino
842 2461 963 2513 mortem
977 2469 1095 2530 vocare,
1107 2508 1127 2523 Ἀ

92 2554 146 2614 qua
160 2537 231 2596 tanti
245 2537 298 2596 viri
311 2535 465 2597 mortalitas
481 2538 571 2614 magis
586 2536 661 2596 finita
676 2554 758 2615 quam
772 2538 829 2596 vita
844 2544 899 2598 est.
930 2536 1008 2596 Vivit
1021 2537 1098 2596 enim
1107 2538 1140 2588 11

91 2621 229 2698 vivetque
250 2638 367 2698 semper
388 2630 472 2699 atque
493 2622 577 2680 etiam
595 2620 679 2680 latius
697 2621 726 2679 in
747 2623 882 2681 memoria
905 2619 1048 2680 hominum
1069 2629 1098 2678 et

92 2721 228 2764 sermone
242 2704 418 2782 versabitur,
442 2713 595 2782 postquam
614 2703 650 2763 ab
666 2703 757 2763 oculis
777 2706 910 2766 recessit.
946 2702 1032 2764 Volui
1046 2703 1099 2763 tibi
1107 2703 1141 2756 lb

92 2786 180 2848 multa
200 2785 256 2848 alia
275 2788 423 2866 scribere,
444 2788 497 2848 sed
516 2797 593 2849 totus
610 2787 719 2848 animm
738 2788 767 2848 in
782 2786 838 2847 bac
853 2804 909 2850 una
923 2785 1097 2866 contempla-

51 2873 168 2932 3otione
184 2871 298 2934 defixus
309 2881 364 2932 est.
390 2871 556 2950 Verginium
572 2873 687 2949 cogito,
700 2869 866 2949 Verginium
878 2870 981 2948 rideo,
996 2869 1099 2948 Vergi-

93 2957 167 3014 nium
182 2957 238 3015 iam
251 2956 331 3016 vanis
346 2956 526 3034 imaginibus,
543 2956 709 3016 recentibus
722 2963 828 3033 tamen,
841 2954 1097 3034 audimadloquor,

92 3047 193 3107 teneo;
213 3040 259 3098 cui
276 3038 398 3102 fortasse
415 3040 496 3099 cives
512 3038 626 3119 aliquos
644 3039 795 3099 virtutibus
814 3057 900 3118 pares
915 3049 945 3099 et
959 3039 1098 3100 habemus

93 3130 120 3182 et
133 3121 314 3201 habebimus,
332 3121 424 3201 gloria
436 3125 586 3184 neminem.
619 3120 700 3182 Vale.

73 3299 83 3312 .
574 3255 611 3316 Π.
844 3306 850 3313 .

53 3296 87 3350 ³³
368 3355 396 3410 Ο.
413 3355 539 3407 PLINIUS
556 3355 696 3407 PAULINO
715 3354 775 3407 SUO
792 3353 819 3410 S.

152 3455 286 3535 irascor,
310 3475 366 3518 nec
387 3455 478 3537 liquet
498 3457 565 3518 mibi
584 3477 620 3520 an
645 3457 780 3534 debeam,
808 3455 861 3517 sed
879 3457 997 3517 irascor.
1032 3456 1122 3519 Scisl

95 3557 175 3618 pam
192 3541 230 3601 sit
245 3557 324 3602 amor
340 3542 452 3621 iniquus
467 3542 624 3620 interdum,
639 3543 773 3621 inpotens
785 3557 891 3619 saepe,
913 3539 1098 3620 propatruus
