2584 3972
170 243 211 305 98
597 239 631 301 C.
652 238 749 302 uultu

170 397 309 456 lactumm
330 412 397 455 esse
419 393 557 453 conhdam
578 393 623 472 (id
643 394 717 452 enim
737 401 847 451 temere
869 390 970 452 credas
989 391 1044 450 nisi
1070 408 1178 469 exper-

169 480 248 560 tus),
272 477 325 539 sed
345 479 410 556 quia
426 475 493 536 mihi
508 473 657 554 pulchrum
670 476 699 534 in
714 476 810 554 primis
824 474 937 534 ridetur
949 491 1006 534 non
1023 475 1082 552 pati
1096 477 1179 535 occi·
1278 506 1279 540 r

170 564 240 623 dere
262 562 364 642 quibus
390 561 541 620 aeternitas
563 558 702 619 debeatur
724 557 899 636 aliorumque
919 556 1019 618 lamam
1039 575 1104 616 cum
1124 577 1179 620 sna
1278 575 1279 578 ’

143 645 336 711 aescendere.
367 643 414 704 dle
432 652 526 703 sutem
545 642 613 702 nihil
634 660 726 721 aeque
741 659 775 702 ac
789 641 976 702 diuturnitatis
988 657 1068 701 amor
1081 650 1112 701 et
1126 659 1178 702 cn·

170 730 238 809 pido
252 727 404 804 sollicitat,
418 744 467 786 res
481 725 593 786 homine
609 725 788 803 dignissima,
812 741 848 784 co
863 725 1032 803 praesertim
1047 726 1096 803 qui
1112 724 1203 789 nul-5

169 815 224 874 lius
241 813 296 873 sihi
311 812 444 872 conscius
460 809 562 887 culpae
572 810 748 888 posteritatis
759 809 987 868 memoriamnon
998 807 1176 869 reformidet.
1279 798 1280 842 1

143 896 270 976 altaque
286 895 386 955 diebus
397 912 431 954 ac
445 893 577 952 noctibus
595 894 693 970 cogito
708 894 733 951 si
748 909 803 969 qua
816 909 861 950 mc
874 907 989 970 quoqne
1001 893 1110 970 possim
1121 891 1178 952 tol·

131 1026 133 1031 .
169 981 232 1042 lere
253 979 353 1047 humo;
376 977 405 1036 id
423 979 497 1037 enirn
510 986 580 1037 roto
594 993 659 1036 rnec
674 975 797 1052 sufficit,
820 974 890 1035 illud
909 991 996 1051 supra
1009 984 1107 1036 votum
1122 978 1177 1036 ‘ri-

172 1073 291 1142 olorque
305 1063 395 1120 virum
415 1060 535 1120 volitare
550 1077 604 1139 per
619 1076 677 1120 ora.
706 1057 880 1137 Quamquam
897 1057 948 1117 cl’
964 1058 1017 1118 sed
1033 1059 1090 1119 hoc
1105 1060 1176 1121 satis
1280 1092 1281 1129 r

146 1155 230 1225 lest,
247 1145 323 1224 quod
339 1161 431 1224 prope
450 1143 513 1205 sola
527 1143 644 1204 historia
658 1141 790 1221 polliceri
805 1141 926 1203 videtur.
958 1141 1083 1202 Orationi
1100 1144 1212 1204 eninrm
1280 1131 1281 1156 ¹

170 1241 199 1292 et
222 1229 337 1291 carmini
355 1245 442 1308 parva
461 1228 567 1306 gratia,
585 1227 644 1287 nisi
664 1224 827 1305 eloquentia
849 1234 894 1286 est
916 1242 1036 1286 summa:
1057 1225 1177 1287 historia

173 1331 289 1394 quoquo
303 1311 388 1373 modo
400 1312 507 1388 scripta
521 1309 656 1371 delectat.
686 1310 757 1370 Sunt
779 1309 853 1368 enim
867 1307 996 1370 homines
1011 1318 1109 1370 natura
1126 1329 1177 1371 cu·

168 1398 238 1459 riosi
251 1405 280 1456 et
296 1395 449 1476 quamlibet
462 1394 536 1457 nuda
549 1412 644 1455 rerum
658 1393 821 1472 cognitione
837 1393 994 1472 capiuntur,
1006 1402 1037 1454 ut
1051 1395 1099 1473 qui
1115 1412 1177 1455 ser·
1281 1386 1282 1476 1

169 1477 309 1540 munculis
327 1480 412 1540 etiam
425 1477 597 1556 fabellisque
612 1477 757 1537 ducuntur.
787 1474 835 1536 hle
848 1493 918 1536 vero
935 1476 970 1536 ad
984 1477 1040 1537 hcc
1052 1477 1176 1538 studium
1281 1485 1282 1496 ³

143 1561 289 1642 5impellit
300 1561 485 1622 domesticum
497 1577 611 1640 quoqne
623 1559 795 1637 exemplum.
816 1559 982 1620 Avunculus
993 1579 1074 1622 meus
1084 1561 1173 1622 idem·
1184 1565 1218 1620 15

171 1665 227 1725 que
242 1661 295 1724 per
314 1643 497 1723 adoptionem
519 1653 602 1722 pater
620 1642 752 1705 historias
778 1652 808 1704 et
827 1644 941 1723 quidem
956 1642 1176 1722 religiosissime
1282 1678 1283 1752 1

171 1729 296 1810 scripsit.
333 1727 452 1788 Invenio
472 1735 567 1788 autem
586 1727 661 1806 apud
689 1727 825 1806 sapientis
850 1726 1081 1788 honestissimum
1106 1748 1176 1790 esse
1282 1763 1283 1766 κ

169 1814 304 1873 maiorum
323 1811 446 1888 vestigia
465 1810 565 1889 sequi,
590 1811 615 1872 si
634 1811 719 1873 modo
738 1820 820 1872 recto
835 1810 937 1872 itincre
951 1813 1174 1891 praecesserint.

146 1895 231 1960 ocur
245 1912 317 1974 ergo
329 1890 469 1955 cunctor?
489 1893 546 1971 Egi
560 1911 674 1972 magnas
686 1903 715 1956 et
727 1912 832 1973 graves
844 1913 954 1956 causas.
975 1893 1045 1972 llas,
1064 1896 1174 1957 etiamsi

169 1979 236 2040 mihi
247 1979 341 2040 tenuis
356 1997 393 2040 ex
404 1978 449 2039 his
463 1995 545 2058 spes,
561 1976 674 2040 destino
687 1986 853 2057 retractare,
868 1997 904 2039 ne
920 1988 1012 2040 tantus
1026 1978 1076 2040 ille
1091 1979 1174 2041 labor
1183 1980 1218 2034 ho
1283 1972 1284 2064 1

170 2081 269 2142 meus,
288 2063 342 2123 nisi
358 2063 416 2125 hoc
437 2061 513 2141 quod
527 2059 668 2141 reliquum
679 2069 724 2124 est
739 2061 824 2124 studii
838 2061 984 2141 addidero,
998 2080 1110 2123 mecum
1125 2080 1175 2142 pa·

145 2149 239 2210 'lriter
249 2146 407 2209 intercidat.
434 2143 504 2207 Nam
519 2147 544 2208 si
558 2147 694 2208 rationem
708 2145 884 2226 posteritatis
898 2146 1021 2225 habeas,
1038 2145 1177 2227 quidquid

170 2249 227 2294 non
244 2240 288 2295 est
303 2239 458 2308 peractum,
473 2246 525 2308 pro
541 2228 740 2290 noninchoato
753 2239 805 2291 est.
828 2227 916 2291 Dices
932 2235 1029 2309 ‘potes
1044 2230 1128 2292 simul
1145 2240 1176 2291 et

170 2314 334 2375 rescribere
361 2312 491 2373 actiones
512 2321 542 2372 et
567 2330 741 2393 componere
762 2313 928 2374 historiam!
964 2312 1089 2376 Utinam!
1121 2313 1176 2376 sed

143 2406 319 2474 antrumque
334 2404 390 2456 tam
402 2411 533 2471 magnum
548 2404 593 2456 est
604 2405 634 2455 ut
647 2396 759 2456 abunde
772 2397 810 2457 sit
820 2397 939 2458 alterum
949 2395 1077 2458 efficere.
1095 2396 1174 2459 Uno·
1183 2406 1219 2460 ht

171 2478 366 2540 dericsnsimo
381 2477 482 2538 aetatis
496 2495 568 2537 anno
583 2477 680 2539 dicere
694 2479 723 2538 in
738 2479 801 2540 foro
817 2481 912 2562 coepi,
928 2490 958 2541 et
973 2499 1048 2542 nunc
1062 2480 1177 2542 demum

173 2562 240 2643 quid
253 2570 401 2642 praestare
415 2560 517 2624 debeat
532 2571 642 2640 orator,
664 2562 755 2624 adhuc
774 2573 868 2624 tamen
890 2581 942 2642 per
963 2563 1113 2642 caliginem
1134 2565 1175 2624 ri-

144 2647 237 2711 9deo.
260 2644 346 2724 Quid,
359 2646 384 2708 si
398 2645 464 2706 huic
479 2646 559 2706 oneri
574 2664 678 2707 nouum
688 2644 867 2708 accesserit?
884 2647 976 2708 Habet
987 2648 1100 2729 quidem
1112 2666 1177 2710 ora·

169 2732 211 2792 tio
227 2739 256 2792 et
270 2730 387 2791 historia
402 2728 489 2790 multa
510 2731 682 2808 communia,
706 2730 759 2791 sed
773 2729 855 2811 plura
875 2731 987 2792 diversa
1000 2732 1030 2792 in
1042 2731 1087 2794 his
1100 2732 1175 2813 ipsis

172 2833 245 2894 quac
261 2813 417 2875 communia
430 2813 568 2874 ridentur.
600 2812 700 2875 Narrat
714 2813 779 2892 illa,
794 2823 887 2876 narrat
900 2815 990 2893 haec,
1005 2815 1058 2878 sed
1075 2815 1174 2878 aliter:
1183 2822 1219 2878 dd

170 2898 238 2957 huic
250 2897 389 2977 pleraque
401 2895 514 2957 humilia
528 2906 558 2956 et
574 2896 688 2958 sordida
698 2907 728 2958 et
741 2916 779 2958 ex
788 2898 881 2961 medio
895 2900 1001 2977 petite,
1020 2899 1063 2960 illi
1081 2901 1176 2962 omnia

130 2980 318 3044 lorccondita
344 2978 493 3058 splendida
520 2977 636 3041 excelsa
658 2981 842 3043 conveniunt:
867 2982 939 3042 hanc
966 2983 1082 3063 saepius
1106 2984 1176 3046 ossa

172 3062 293 3125 musculi
307 3063 404 3140 nervi,
425 3060 502 3123 illam
518 3065 573 3122 tori
589 3063 701 3143 qnidam
715 3074 745 3126 et
760 3067 842 3144 qnasi
859 3064 942 3126 iubae
957 3066 1074 3128 docent:
1100 3065 1176 3128 haec

171 3147 220 3208 vel
241 3147 360 3208 maxime
379 3147 408 3206 ri
427 3145 607 3208 amaritudine
628 3147 774 3226 instantia,
799 3147 846 3208 illa
871 3157 962 3210 tractu
983 3158 1013 3210 et
1034 3151 1175 3212 suavitate

172 3230 265 3309 adque
282 3231 365 3291 ctiam
379 3229 530 3292 dulcedine
547 3230 652 3310 placet.
685 3229 833 3293 Postremo
848 3232 902 3293 alia
918 3233 1023 3312 verba,
1038 3233 1110 3295 clius
1126 3244 1218 3300 scas

129 3324 243 3391 nnus,
266 3313 321 3374 alia
341 3316 525 3374 constructio.
557 3313 628 3376 Nam
642 3314 791 3393 plurimum
810 3315 915 3393 refert,
941 3325 972 3376 ut
991 3313 1174 3393 Thucydides

173 3396 228 3471 ait,
245 3396 400 3475 scriptasit
414 3388 653 3477 molybdaenam
668 3415 788 3477 qnorum
803 3396 922 3460 altemm
936 3400 1036 3477 oratio,
1053 3399 1176 3462 alterum

172 3478 289 3540 historia
305 3489 358 3542 est.
379 3479 479 3544 Exbis
496 3483 589 3544 causis
604 3498 661 3543 non
672 3480 799 3542 adducor
812 3491 843 3543 ut
854 3481 909 3544 duc
920 3481 1064 3545 dissimilia
1075 3483 1177 3546 ethoc
