2580 3978
188 243 228 308 18
610 240 642 303 Ο.
666 241 764 302 PLlNl

1276 321 1277 356 l

188 397 325 476 accipiat;
342 394 453 475 quodsi
467 404 606 473 negetur,
621 395 697 454 nulle
713 397 843 472 oratoris,
858 396 977 454 maxima
991 394 1092 457 iudicis
1109 397 1194 478 culpa
1276 369 1277 436 ¹

145 498 179 550 11
190 489 244 544 est.
266 479 378 540 Adsunt
391 478 458 539 huic
473 480 598 556 opinioni
612 497 692 540 meac
705 478 800 556 leges,
819 497 891 557 quae
906 478 1070 557 longissima
1081 491 1193 560 tempo·

188 583 220 626 ra
242 564 399 642 largiuntur
417 581 473 622 nec
494 564 661 623 brevitatem
676 562 835 623 dicentibus
851 562 903 623 sed
925 564 1046 642 copiam,
1070 563 1126 625 hoc
1146 575 1193 628 est

189 648 362 726 diligentiam
375 645 507 714 suadent;
524 665 605 725 quam
615 656 758 724 praestare
772 647 825 706 nisi
836 648 864 705 in
875 649 1082 724 angustissimis
1092 651 1192 712 causis

145 747 246 801 12n0n
263 741 359 811 potest
374 731 508 790 brevitas.
534 730 663 790 Adiciam
678 730 754 809 quod
767 748 813 790 me
834 730 931 790 docuit
948 750 1033 810 usus,
1057 734 1219 810 magister5

189 818 334 894 egregins.
360 813 538 892 Frequenter
553 815 617 892 egi,
638 815 805 892 frequenter
823 813 962 893 iudicavi,
983 815 1150 894 frequenter
1163 819 1194 877 in
1276 793 1277 850 ¹

190 901 310 961 consilio
325 899 380 959 iui:
391 896 467 958 aliud
484 896 556 958 alios
571 907 685 975 movet,
698 916 732 958 ac
746 896 915 977 plerumque
930 915 1032 976 parvae
1047 918 1095 960 res
1106 904 1193 960 maxi·

187 1003 247 1043 mas
255 983 373 1044 trahunt.
392 981 476 1041 Varia
484 992 548 1042 sunt
555 981 695 1041 hominum
709 981 823 1059 iudicia,
837 982 1115 1045 variaevuluntates:
1125 984 1193 1044 inde

190 1070 236 1147 qui
254 1066 371 1128 eandem
387 1082 499 1126 causam
511 1064 593 1126 simul
605 1066 762 1143 audierunt,
781 1083 870 1145 saepe
882 1065 1036 1144 diversum,
1052 1067 1193 1127 interdum

147 1164 180 1218 13
188 1152 278 1230 idem,
294 1151 347 1212 sed
364 1167 402 1210 ex
416 1148 536 1210 diversis
553 1151 636 1230 animi
655 1149 777 1209 motibus
798 1152 929 1212 sentiunt.
955 1148 1107 1211 Praeterea
1122 1170 1193 1212 suae
1203 1165 1235 1217 10
1276 1143 1277 1210 l

189 1238 309 1316 quisque
325 1234 478 1294 inventioni
492 1232 569 1293 fauet
587 1242 616 1293 et
631 1234 710 1312 quasi
725 1232 907 1294 fortissimum
920 1233 1112 1314 amplectitur,
1128 1239 1194 1296 cnm
1276 1227 1277 1296 l

189 1321 224 1380 ab
239 1319 295 1380 alic
312 1319 416 1379 dictum
432 1325 477 1378 est
494 1317 570 1397 quod
586 1318 650 1395 ipse
664 1316 812 1397 praevidit.
834 1317 969 1378 Omnibus
985 1336 1056 1395 ergo
1072 1318 1193 1379 dandum
1276 1299 1277 1380 l

146 1415 181 1470 14
190 1413 235 1464 est
251 1401 355 1481 aliquid
372 1400 448 1481 quod
462 1409 588 1478 teneant,
606 1401 683 1480 quud
698 1411 863 1480 agnoscent.
885 1400 961 1461 Dixit
975 1401 1125 1480 aliquando
1141 1405 1193 1462 mi·
1276 1391 1277 1440 ¹

127 1537 130 1546 ,
187 1487 217 1546 hi
224 1485 365 1565 Regulus,
382 1504 445 1545 cum
456 1484 538 1546 simul
550 1484 728 1562 adessemus,
745 1491 787 1545 ‘tu
798 1487 889 1545 omnia
905 1495 1053 1564 quaesunt
1067 1487 1094 1546 in
1107 1505 1194 1548 causa
1276 1451 1277 1512 ¹

189 1580 272 1651 putes
293 1569 476 1648 exequenda,
503 1586 560 1646 ego
582 1569 707 1646 iugulum
725 1570 818 1629 statim
837 1568 939 1646 video,
966 1568 1041 1632 hunc
1063 1577 1233 1650 premo':15
1276 1527 1277 1608 ¹

148 1670 180 1720 15
190 1656 291 1735 premit
305 1671 374 1713 sane
389 1652 465 1731 quod
479 1650 579 1730 elegit,
595 1652 647 1713 sed
661 1654 689 1712 in
704 1651 837 1730 eligendo
849 1652 1016 1732 frequenter
1029 1663 1112 1715 errat.
1133 1655 1193 1716 Re·

189 1737 291 1816 spondi
309 1754 397 1816 posse
413 1737 474 1796 lieri
496 1745 526 1798 nt
546 1754 622 1814 genu
644 1744 723 1797 essct
746 1746 793 1797 aut
813 1735 904 1815 talus,
927 1739 974 1798 nbi
992 1737 1042 1798 ille
1064 1739 1192 1816 iugulum

187 1830 314 1903 putaret:
331 1827 371 1880 ‘at
386 1827 454 1898 egc'
470 1823 582 1899 inquam
596 1821 657 1898 ‘qui
670 1819 796 1898 iugulum
811 1823 980 1900 perspicere
991 1839 1047 1883 non
1061 1838 1192 1902 possum,

189 1908 281 1966 omnia
290 1912 464 1985 pertempto,
477 1906 568 1964 amnia
576 1905 720 1984 experior,
733 1897 841 1964 πάντα
852 1905 974 1984 denique
986 1905 1087 1967 turon
1095 1907 1192 1985 κινοῐ,

149 2000 276 2069 leutque
291 1992 319 2049 in
340 1987 447 2050 cultura
462 1989 523 2066 agri
539 2004 596 2048 non
615 1989 711 2049 vineas
727 1997 833 2049 tantum
852 1991 1049 2050 verumetiam
1065 1991 1193 2070 arbusta,
1203 2001 1236 2052 νο

187 2093 243 2136 nec
257 2074 371 2135 arbusta
384 2082 489 2133 tantum
504 2091 603 2133 verum
619 2074 702 2133 ctiam
718 2091 834 2151 campos
851 2091 919 2134 curo
936 2083 965 2134 et
982 2092 1126 2154 exerceo,
1148 2085 1195 2136 ut·

190 2178 246 2239 que
261 2161 291 2219 in
304 2160 374 2237 ipsis
397 2159 504 2236 campis
518 2174 575 2216 non
596 2157 639 2217 far
653 2166 701 2218 aut
715 2156 856 2236 siliginem
871 2156 961 2218 solam
975 2158 1028 2220 sed
1041 2157 1193 2238 hordeum,

189 2243 281 2303 labam
301 2251 455 2320 ceteraque
472 2240 615 2318 legumina
629 2258 713 2318 sero,
728 2244 771 2301 sic
785 2243 813 2301 in
826 2243 940 2303 actione
955 2241 1036 2321 plura
1051 2245 1131 2321 quasi
1145 2262 1194 2304 se·

149 2339 179 2395 17
188 2329 262 2385 mina
276 2324 359 2386 latins
375 2341 491 2403 spargo,
504 2333 535 2384 nt
550 2343 623 2405 quae
638 2327 822 2404 provenerint
839 2325 979 2405 colligam.
1002 2324 1105 2405 Neque
1117 2329 1196 2387 enim

187 2411 279 2470 minus
294 2409 486 2488 inperspicua,
503 2409 623 2486 incerta,
640 2406 752 2469 fallacia
766 2419 831 2471 sunt
845 2408 967 2470 iudicum
980 2411 1092 2488 ingenia
1108 2429 1194 2490 quam
1203 2421 1234 2472 25

188 2501 388 2572 tempestatum
410 2501 614 2570 terrammque.
637 2489 701 2551 Nec
719 2510 765 2552 me
788 2495 924 2572 praeterit
942 2512 1078 2555 summum
1097 2504 1194 2556 orato·

188 2594 248 2637 rem
262 2575 393 2637 Periclen
407 2577 450 2636 sic
464 2595 479 2637 a
494 2578 605 2636 comico
619 2574 761 2678 Eupolide
775 2576 893 2656 laudari,

494 2651 578 2739 πρὸς
591 2655 660 2739 ds'y
681 2653 787 2720 αὐτοῦ
805 2661 850 2742 τῷ
862 2653 952 2740 τάχει

341 2736 451 2805 πειθώ
461 2764 511 2817 τις
522 2737 710 2824 ἐπεκάθητο
723 2751 809 2805 τοῖσι
821 2744 975 2824 χείλεσιν.
1276 2755 1277 2806 l

343 2818 449 2900 οὕτως
461 2821 582 2908 ἐκήλει,
595 2822 650 2888 καὶ
661 2821 764 2906 μόνος
775 2828 843 2888 τῶν
856 2822 1008 2910 ρητόρων
1203 2845 1236 2898 30

342 2903 378 2972 τὸ
391 2907 532 2986 κέντρον
543 2906 752 2990 ἐγκατέλειτε
763 2919 831 3011 τοῖς
843 2904 1078 2994 ἀκροωμένοις.

149 3002 181 3057 18
188 2993 295 3054 Verum
309 2993 375 3055 huic
394 2996 449 3073 ipsi
465 2992 569 3056 Pericli
583 3013 639 3056 nec
655 2995 704 3056 illa
721 2999 829 3057 πειθω
849 3014 905 3058 nec
918 2996 988 3058 illnd
1003 2990 1113 3076 ἐκήλει
1126 2995 1193 3056 hre-

188 3081 276 3139 vitate
285 3078 334 3139 vel
345 3077 500 3140 velocitate
515 3078 564 3139 vel
577 3090 696 3159 utraque
711 3079 859 3160 (differunt
873 3081 963 3161 enim)
978 3082 1040 3144 sine
1055 3079 1194 3141 facultate

191 3179 297 3224 summa
312 3164 489 3242 contigisset.
516 3162 586 3223 Nam
598 3163 744 3240 delectare
758 3164 933 3244 persuadere
951 3166 1061 3244 copiam
1079 3163 1194 3224 dicendi

191 3249 369 3326 spatiumque
385 3246 545 3326 desiderat,
565 3247 728 3328 relinquere
747 3265 818 3309 vero
834 3247 964 3311 aculeum
978 3250 1006 3308 in
1022 3247 1236 3312 audientiumdt

149 3338 181 3392 19
190 3333 288 3393 animis
302 3332 327 3391 is
343 3331 453 3392 demum
466 3341 564 3411 potest
578 3335 696 3411 quinon
713 3333 824 3412 pungit,
838 3333 889 3394 sed
901 3333 1000 3411 intigit.
1022 3331 1106 3394 nude
1118 3349 1194 3412 qnae

189 3414 225 3476 de
240 3414 342 3477 codem
356 3412 468 3477 Pericle
485 3419 611 3478 comicus
625 3416 708 3494 alter,

307 3491 481 3581 ἤστραπτ’,
503 3494 661 3582 ἐβρόντα,
674 3489 1075 3580 σννεκύκοιτὴνἙλλάὸα.
