<?xml version="1.0" encoding="UTF-8"?>
<!DOCTYPE html PUBLIC "-//W3C//DTD XHTML 1.0 Transitional//EN"
    "http://www.w3.org/TR/xhtml1/DTD/xhtml1-transitional.dtd">
<html xmlns="http://www.w3.org/1999/xhtml" xml:lang="en" lang="en">
 <head>
  <title>
</title>
<meta http-equiv="Content-Type" content="text/html;charset=utf-8" />
  <meta name='ocr-system' content='tesseract 3.04.00' />
  <meta name='ocr-capabilities' content='ocr_page ocr_carea ocr_par ocr_line ocrx_word'/>
</head>
<body>
  <div class='ocr_page' id='page_1' title='image "./cplinicaecilise05plingoog_0163.png"; bbox 0 0 2584 3972; ppageno 0'>
   <div class='ocr_carea' id='block_1_1' title="bbox 86 281 766 350">
    <p class='ocr_par' dir='ltr' id='par_1_1' title="bbox 86 281 766 350">
     <span class='ocr_line' id='line_1_1' title="bbox 86 281 766 350; baseline -0.003 0"><span class='ocrx_word' id='word_1_1' title='bbox 86 281 88 284; x_wconf 62' lang='grc'><strong>’</strong></span> <span class='ocrx_word' id='word_1_2' title='bbox 189 286 250 350; x_wconf 79' lang='lat'><strong>132</strong></span> <span class='ocrx_word' id='word_1_3' title='bbox 613 285 646 347; x_wconf 80' lang='lat' dir='ltr'><strong>C.</strong></span> <span class='ocrx_word' id='word_1_4' title='bbox 668 284 766 350; x_wconf 71' lang='lat' dir='ltr'><strong>iuml</strong></span> 
     </span>
    </p>
   </div>
   <div class='ocr_carea' id='block_1_2' title="bbox 161 436 1211 1106">
    <p class='ocr_par' dir='ltr' id='par_1_2' title="bbox 164 436 1189 688">
     <span class='ocr_line' id='line_1_2' title="bbox 164 436 1189 518; baseline -0.005 -12"><span class='ocrx_word' id='word_1_5' title='bbox 164 441 291 506; x_wconf 68' lang='lat' dir='ltr'><strong>nmmum</strong></span> <span class='ocrx_word' id='word_1_6' title='bbox 305 439 381 518; x_wconf 75' lang='lat' dir='ltr'><strong>quad</strong></span> <span class='ocrx_word' id='word_1_7' title='bbox 395 441 514 502; x_wconf 67' lang='lat' dir='ltr'><strong>mamma</strong></span> <span class='ocrx_word' id='word_1_8' title='bbox 533 440 643 518; x_wconf 82' lang='lat' dir='ltr'><strong>funeri,</strong></span> <span class='ocrx_word' id='word_1_9' title='bbox 665 439 828 502; x_wconf 81' lang='lat' dir='ltr'><strong>debehatur.</strong></span> <span class='ocrx_word' id='word_1_10' title='bbox 858 436 1009 500; x_wconf 84' lang='lat' dir='ltr'><strong>Praeterea</strong></span> <span class='ocrx_word' id='word_1_11' title='bbox 1028 448 1105 502; x_wconf 86' lang='lat' dir='ltr'><strong>tento</strong></span> <span class='ocrx_word' id='word_1_12' title='bbox 1122 458 1189 501; x_wconf 84' lang='lat' dir='ltr'><strong>oon-</strong></span> 
     </span>
     <span class='ocr_line' id='line_1_3' title="bbox 189 521 1187 603; baseline -0.002 -17"><span class='ocrx_word' id='word_1_13' title='bbox 189 542 277 586; x_wconf 86' lang='lat' dir='ltr'><strong>sensu</strong></span> <span class='ocrx_word' id='word_1_14' title='bbox 298 524 447 603; x_wconf 70' lang='lat' dir='ltr'>rogabatis</span> <span class='ocrx_word' id='word_1_15' title='bbox 467 533 500 586; x_wconf 80' lang='lat' dir='ltr'><strong>ut</strong></span> <span class='ocrx_word' id='word_1_16' title='bbox 518 542 625 602; x_wconf 79' lang='lat' dir='ltr'><strong>negane</strong></span> <span class='ocrx_word' id='word_1_17' title='bbox 639 541 696 586; x_wconf 86' lang='lat' dir='ltr'><strong>nou</strong></span> <span class='ocrx_word' id='word_1_18' title='bbox 712 531 843 586; x_wconf 69' lang='lat' dir='ltr'><strong>sanusne</strong></span> <span class='ocrx_word' id='word_1_19' title='bbox 859 521 911 584; x_wconf 89' lang='lat' dir='ltr'><strong>sed</strong></span> <span class='ocrx_word' id='word_1_20' title='bbox 924 521 1027 584; x_wconf 85' lang='lat' dir='ltr'><strong>durunu</strong></span> <span class='ocrx_word' id='word_1_21' title='bbox 1035 522 1187 586; x_wconf 83' lang='lat' dir='ltr'><strong>videretur.</strong></span> 
     </span>
     <span class='ocr_line' id='line_1_4' title="bbox 188 604 1188 688; baseline -0.003 -18"><span class='ocrx_word' id='word_1_22' title='bbox 188 607 263 670; x_wconf 86' lang='lat' dir='ltr'><strong>Illud</strong></span> <span class='ocrx_word' id='word_1_23' title='bbox 278 625 393 688; x_wconf 84' lang='lat' dir='ltr'><strong>quoque</strong></span> <span class='ocrx_word' id='word_1_24' title='bbox 410 609 529 686; x_wconf 76' lang='lat' dir='ltr'><strong>egregie</strong></span> <span class='ocrx_word' id='word_1_25' title='bbox 551 606 628 686; x_wconf 88' lang='lat' dir='ltr'><strong>quod</strong></span> <span class='ocrx_word' id='word_1_26' title='bbox 642 617 700 668; x_wconf 82' lang='lat' dir='ltr'><strong>tan</strong></span> <span class='ocrx_word' id='word_1_27' title='bbox 712 605 822 683; x_wconf 86' lang='lat' dir='ltr'><strong>iaoilis,</strong></span> <span class='ocrx_word' id='word_1_28' title='bbox 841 614 903 666; x_wconf 88' lang='lat' dir='ltr'><strong>tam</strong></span> <span class='ocrx_word' id='word_1_29' title='bbox 919 604 1046 668; x_wconf 70' lang='lat' dir='ltr'><strong>libmaiis</strong></span> <span class='ocrx_word' id='word_1_30' title='bbox 1059 609 1089 668; x_wconf 89' lang='lat' dir='ltr'><strong>iu</strong></span> <span class='ocrx_word' id='word_1_31' title='bbox 1102 606 1188 668; x_wconf 92' lang='lat' dir='ltr'><strong>eden-</strong></span> 
     </span>
    </p>

    <p class='ocr_par' dir='ltr' id='par_1_3' title="bbox 161 690 1211 1106">
     <span class='ocr_line' id='line_1_5' title="bbox 161 690 1189 772; baseline -0.006 -14"><span class='ocrx_word' id='word_1_32' title='bbox 161 691 225 758; x_wconf 81' lang='lat' dir='ltr'><strong>3do</strong></span> <span class='ocrx_word' id='word_1_33' title='bbox 241 692 327 754; x_wconf 86' lang='lat' dir='ltr'><strong>inisti.</strong></span> <span class='ocrx_word' id='word_1_34' title='bbox 349 690 420 752; x_wconf 83' lang='lat' dir='ltr'><strong>Nero</strong></span> <span class='ocrx_word' id='word_1_35' title='bbox 434 711 490 772; x_wconf 90' lang='lat' dir='ltr'><strong>per.</strong></span> <span class='ocrx_word' id='word_1_36' title='bbox 501 691 574 754; x_wconf 84' lang='lat' dir='ltr'><strong>haee</strong></span> <span class='ocrx_word' id='word_1_37' title='bbox 588 692 672 752; x_wconf 82' lang='lat' dir='ltr'><strong>etiam</strong></span> <span class='ocrx_word' id='word_1_38' title='bbox 686 708 804 768; x_wconf 76' lang='lat' dir='ltr'><strong>magnus</strong></span> <span class='ocrx_word' id='word_1_39' title='bbox 816 691 922 750; x_wconf 80' lang='lat' dir='ltr'><strong>anirum</strong></span> <span class='ocrx_word' id='word_1_40' title='bbox 933 690 1099 752; x_wconf 76' lang='lat' dir='ltr'><strong>ostenditur.</strong></span> <span class='ocrx_word' id='word_1_41' title='bbox 1120 690 1189 752; x_wconf 86' lang='lat' dir='ltr'><strong>Vel·</strong></span> 
     </span>
     <span class='ocr_line' id='line_1_6' title="bbox 188 771 1211 855; baseline 0.002 -19"><span class='ocrx_word' id='word_1_42' title='bbox 188 774 246 837; x_wconf 87' lang='lat' dir='ltr'><strong>lem</strong></span> <span class='ocrx_word' id='word_1_43' title='bbox 266 775 418 838; x_wconf 75' lang='lat' dir='ltr'><strong>emersae</strong></span> <span class='ocrx_word' id='word_1_44' title='bbox 441 794 511 855; x_wconf 85' lang='lat' dir='ltr'><strong>quas</strong></span> <span class='ocrx_word' id='word_1_45' title='bbox 534 780 681 836; x_wconf 68' lang='lat' dir='ltr'><strong>coemeras</strong></span> <span class='ocrx_word' id='word_1_46' title='bbox 703 772 838 854; x_wconf 85' lang='lat' dir='ltr'><strong>plurimas</strong></span> <span class='ocrx_word' id='word_1_47' title='bbox 858 771 894 833; x_wconf 83' lang='lat' dir='ltr'><strong>ad</strong></span> <span class='ocrx_word' id='word_1_48' title='bbox 914 775 1090 852; x_wconf 77' lang='lat' dir='ltr'><strong>praefinitum</strong></span> <span class='ocrx_word' id='word_1_49' title='bbox 1114 774 1211 838; x_wconf 80' lang='lat' dir='ltr'><strong>diane</strong></span> 
     </span>
     <span class='ocr_line' id='line_1_7' title="bbox 189 857 1187 937; baseline 0.002 -17"><span class='ocrx_word' id='word_1_50' title='bbox 189 859 396 921; x_wconf 77' lang='lat' dir='ltr'><strong>occurrissent:</strong></span> <span class='ocrx_word' id='word_1_51' title='bbox 417 859 469 920; x_wconf 90' lang='lat' dir='ltr'><strong>sed</strong></span> <span class='ocrx_word' id='word_1_52' title='bbox 490 857 558 920; x_wconf 84' lang='lat' dir='ltr'><strong>lieet</strong></span> <span class='ocrx_word' id='word_1_53' title='bbox 579 859 754 919; x_wconf 73' lang='lat' dir='ltr'><strong>cessaverint</strong></span> <span class='ocrx_word' id='word_1_54' title='bbox 772 857 838 918; x_wconf 84' lang='lat' dir='ltr'><strong>illae</strong></span> <span class='ocrx_word' id='word_1_55' title='bbox 859 865 1029 936; x_wconf 88' lang='lat' dir='ltr'><strong>tempestate</strong></span> <span class='ocrx_word' id='word_1_56' title='bbox 1046 859 1187 937; x_wconf 84' lang='lat' dir='ltr'><strong>detentae,</strong></span> 
     </span>
     <span class='ocr_line' id='line_1_8' title="bbox 188 940 1189 1024; baseline 0.002 -22"><span class='ocrx_word' id='word_1_57' title='bbox 188 953 218 1003; x_wconf 90' lang='lat' dir='ltr'><strong>tu</strong></span> <span class='ocrx_word' id='word_1_58' title='bbox 237 952 330 1004; x_wconf 88' lang='lat' dir='ltr'><strong>tamen</strong></span> <span class='ocrx_word' id='word_1_59' title='bbox 349 944 476 1004; x_wconf 88' lang='lat' dir='ltr'><strong>meruisti</strong></span> <span class='ocrx_word' id='word_1_60' title='bbox 495 949 526 1002; x_wconf 88' lang='lat' dir='ltr'><strong>ut</strong></span> <span class='ocrx_word' id='word_1_61' title='bbox 538 950 689 1019; x_wconf 77' lang='lat' dir='ltr'><strong>nesapium</strong></span> <span class='ocrx_word' id='word_1_62' title='bbox 703 941 752 1002; x_wconf 86' lang='lat' dir='ltr'><strong>tibi</strong></span> <span class='ocrx_word' id='word_1_63' title='bbox 768 942 853 1004; x_wconf 78' lang='lat' dir='ltr'><strong>neren</strong></span> <span class='ocrx_word' id='word_1_64' title='bbox 863 940 944 1019; x_wconf 81' lang='lat' dir='ltr'><strong>quod</strong></span> <span class='ocrx_word' id='word_1_65' title='bbox 954 959 1010 1020; x_wconf 89' lang='lat' dir='ltr'><strong>quo</strong></span> <span class='ocrx_word' id='word_1_66' title='bbox 1032 943 1123 1024; x_wconf 80' lang='lat' dir='ltr'><strong>miuus</strong></span> <span class='ocrx_word' id='word_1_67' title='bbox 1139 961 1189 1004; x_wconf 78' lang='lat' dir='ltr'><strong>eu·</strong></span> 
     </span>
     <span class='ocr_line' id='line_1_9' title="bbox 188 1025 700 1106; baseline -0.004 -18"><span class='ocrx_word' id='word_1_68' title='bbox 188 1027 308 1089; x_wconf 83' lang='lat' dir='ltr'><strong>hiberes·</strong></span> <span class='ocrx_word' id='word_1_69' title='bbox 318 1043 375 1090; x_wconf 91' lang='lat' dir='ltr'><strong>non</strong></span> <span class='ocrx_word' id='word_1_70' title='bbox 390 1044 443 1106; x_wconf 91' lang='lat' dir='ltr'><strong>per</strong></span> <span class='ocrx_word' id='word_1_71' title='bbox 457 1036 487 1088; x_wconf 87' lang='lat' dir='ltr'><strong>te</strong></span> <span class='ocrx_word' id='word_1_72' title='bbox 499 1026 587 1088; x_wconf 84' lang='lat' dir='ltr'><strong>stetit.</strong></span> <span class='ocrx_word' id='word_1_73' title='bbox 619 1025 700 1086; x_wconf 81' lang='lat' dir='ltr'><strong>Vale.</strong></span> 
     </span>
    </p>
   </div>
   <div class='ocr_carea' id='block_1_3' title="bbox 310 1369 1071 1650">
    <p class='ocr_par' dir='ltr' id='par_1_4' title="bbox 310 1369 1233 1672">
     <span class='ocr_line' id='line_1_10' title="bbox 414 1369 976 1456; baseline -0.011 0"><span class='ocrx_word' id='word_1_74' title='bbox 414 1375 449 1456; x_wconf 81' lang='lat' dir='ltr'><strong>d.</strong></span> <span class='ocrx_word' id='word_1_75' title='bbox 478 1372 587 1455; x_wconf 75' lang='lat' dir='ltr'><strong>PdiNi</strong></span> <span class='ocrx_word' id='word_1_76' title='bbox 615 1371 774 1454; x_wconf 74' lang='lat' dir='ltr'><strong>diddiiii&#39;</strong></span> <span class='ocrx_word' id='word_1_77' title='bbox 798 1369 976 1452; x_wconf 72' lang='lat' dir='ltr'><strong>suctum</strong></span> 
     </span>
     <span class='ocr_line' id='line_1_11' title="bbox 310 1531 1071 1650; baseline -0.003 -4"><span class='ocrx_word' id='word_1_78' title='bbox 310 1531 1071 1650; x_wconf 81' lang='lat' dir='ltr'><strong>urusruurnnu</strong></span> 
     </span>
    </p>
   </div>
   <div class='ocr_carea' id='block_1_4' title="bbox 539 1723 838 1782">
    <p class='ocr_par' dir='ltr' id='par_1_5' title="bbox 539 1723 838 1782">
     <span class='ocr_line' id='line_1_12' title="bbox 539 1723 838 1782; baseline 0.01 -5"><span class='ocrx_word' id='word_1_79' title='bbox 539 1723 638 1780; x_wconf 83' lang='lat' dir='ltr'>LIBER</span> <span class='ocrx_word' id='word_1_80' title='bbox 659 1723 838 1782; x_wconf 81' lang='lat' dir='ltr'><strong>SEPTIMUS.</strong></span> 
     </span>
    </p>
   </div>
   <div class='ocr_carea' id='block_1_5' title="bbox 474 1881 904 2032">
    <p class='ocr_par' dir='ltr' id='par_1_6' title="bbox 474 1881 904 2032">
     <span class='ocr_line' id='line_1_13' title="bbox 675 1881 697 1942; baseline -0.045 0"><span class='ocrx_word' id='word_1_81' title='bbox 675 1881 697 1942; x_wconf 93' lang='grc' dir='ltr'><strong>Ι,</strong></span> 
     </span>
     <span class='ocr_line' id='line_1_14' title="bbox 474 1977 904 2032; baseline -0.002 -2"><span class='ocrx_word' id='word_1_82' title='bbox 474 1979 502 2031; x_wconf 81' lang='grc' dir='ltr'><strong>Ο.</strong></span> <span class='ocrx_word' id='word_1_83' title='bbox 520 1979 646 2032; x_wconf 85' lang='lat' dir='ltr'>PLINIUS</span> <span class='ocrx_word' id='word_1_84' title='bbox 662 1977 783 2030; x_wconf 83' lang='lat' dir='ltr'><strong>GEMINO</strong></span> <span class='ocrx_word' id='word_1_85' title='bbox 800 1977 859 2030; x_wconf 80' lang='lat' dir='ltr'><strong>SUO</strong></span> <span class='ocrx_word' id='word_1_86' title='bbox 879 1979 904 2030; x_wconf 88' lang='lat' dir='ltr'><strong>S.</strong></span> 
     </span>
    </p>
   </div>
   <div class='ocr_carea' id='block_1_6' title="bbox 162 2089 1291 3265">
    <p class='ocr_par' dir='ltr' id='par_1_7' title="bbox 162 2089 1291 3265">
     <span class='ocr_line' id='line_1_15' title="bbox 162 2089 1191 2177; baseline -0.007 -15"><span class='ocrx_word' id='word_1_87' title='bbox 162 2111 177 2162; x_wconf 95' lang='lat'>1</span> <span class='ocrx_word' id='word_1_88' title='bbox 248 2095 352 2158; x_wconf 70' lang='lat' dir='ltr'><strong>&#39;derret¹</strong></span> <span class='ocrx_word' id='word_1_89' title='bbox 368 2114 414 2157; x_wconf 88' lang='lat' dir='ltr'><strong>me</strong></span> <span class='ocrx_word' id='word_1_90' title='bbox 434 2097 506 2158; x_wconf 87' lang='lat' dir='ltr'><strong>haee</strong></span> <span class='ocrx_word' id='word_1_91' title='bbox 521 2107 568 2159; x_wconf 88' lang='lat' dir='ltr'><strong>tua</strong></span> <span class='ocrx_word' id='word_1_92' title='bbox 588 2089 645 2160; x_wconf 76' lang='lat' dir='ltr'><strong>iarn</strong></span> <span class='ocrx_word' id='word_1_93' title='bbox 659 2099 788 2177; x_wconf 73' lang='lat' dir='ltr'><strong>pertinax</strong></span> <span class='ocrx_word' id='word_1_94' title='bbox 803 2094 952 2173; x_wconf 86' lang='lat' dir='ltr'><strong>valetudo,</strong></span> <span class='ocrx_word' id='word_1_95' title='bbox 973 2105 1004 2156; x_wconf 84' lang='lat' dir='ltr'><strong>et</strong></span> <span class='ocrx_word' id='word_1_96' title='bbox 1023 2115 1191 2177; x_wconf 81' lang='lat' dir='ltr'><strong>quamquam</strong></span> 
     </span>
     <span class='ocr_line' id='line_1_16' title="bbox 189 2180 1190 2260; baseline 0.002 -20"><span class='ocrx_word' id='word_1_97' title='bbox 189 2189 218 2240; x_wconf 87' lang='lat' dir='ltr'><strong>te</strong></span> <span class='ocrx_word' id='word_1_98' title='bbox 232 2182 522 2260; x_wconf 84' lang='lat' dir='ltr'><strong>temperantissimum</strong></span> <span class='ocrx_word' id='word_1_99' title='bbox 530 2184 674 2260; x_wconf 75' lang='lat' dir='ltr'><strong>maerim,</strong></span> <span class='ocrx_word' id='word_1_100' title='bbox 695 2198 799 2242; x_wconf 82' lang='lat' dir='ltr'><strong>vereor</strong></span> <span class='ocrx_word' id='word_1_101' title='bbox 812 2190 905 2241; x_wconf 86' lang='lat' dir='ltr'><strong>tamen</strong></span> <span class='ocrx_word' id='word_1_102' title='bbox 917 2198 954 2240; x_wconf 90' lang='lat' dir='ltr'><strong>ue</strong></span> <span class='ocrx_word' id='word_1_103' title='bbox 970 2180 1037 2258; x_wconf 84' lang='lat' dir='ltr'><strong>quid</strong></span> <span class='ocrx_word' id='word_1_104' title='bbox 1050 2180 1091 2240; x_wconf 90' lang='lat' dir='ltr'><strong>illi</strong></span> <span class='ocrx_word' id='word_1_105' title='bbox 1106 2184 1190 2242; x_wconf 87' lang='lat' dir='ltr'><strong>etiarn</strong></span> 
     </span>
     <span class='ocr_line' id='line_1_17' title="bbox 163 2264 1291 2343; baseline -0.007 -16"><span class='ocrx_word' id='word_1_106' title='bbox 163 2265 217 2327; x_wconf 70' lang='lat' dir='ltr'><strong>siu</strong></span> <span class='ocrx_word' id='word_1_107' title='bbox 230 2281 325 2325; x_wconf 87' lang='lat' dir='ltr'><strong>mores</strong></span> <span class='ocrx_word' id='word_1_108' title='bbox 340 2272 405 2326; x_wconf 86' lang='lat' dir='ltr'><strong>tuos</strong></span> <span class='ocrx_word' id='word_1_109' title='bbox 419 2264 514 2326; x_wconf 79' lang='lat' dir='ltr'><strong>liceat.</strong></span> <span class='ocrx_word' id='word_1_110' title='bbox 545 2264 667 2327; x_wconf 83' lang='lat' dir='ltr'><strong>Proinde</strong></span> <span class='ocrx_word' id='word_1_111' title='bbox 687 2280 790 2324; x_wconf 88' lang='lat' dir='ltr'><strong>moneo</strong></span> <span class='ocrx_word' id='word_1_112' title='bbox 807 2266 949 2343; x_wconf 77' lang='lat' dir='ltr'><strong>patienter</strong></span> <span class='ocrx_word' id='word_1_113' title='bbox 966 2265 1100 2326; x_wconf 84' lang='lat' dir='ltr'><strong>resistas:</strong></span> <span class='ocrx_word' id='word_1_114' title='bbox 1132 2264 1191 2324; x_wconf 91' lang='lat' dir='ltr'><strong>hoe</strong></span> <span class='ocrx_word' id='word_1_115' title='bbox 1290 2297 1291 2319; x_wconf 52' lang='lat' dir='ltr'><strong>r</strong></span> 
     </span>
     <span class='ocr_line' id='line_1_18' title="bbox 187 2341 1189 2426; baseline -0.001 -20"><span class='ocrx_word' id='word_1_116' title='bbox 187 2341 346 2425; x_wconf 86' lang='lat' dir='ltr'><strong>laudabile,</strong></span> <span class='ocrx_word' id='word_1_117' title='bbox 362 2347 419 2409; x_wconf 86' lang='lat' dir='ltr'><strong>hoe</strong></span> <span class='ocrx_word' id='word_1_118' title='bbox 434 2347 564 2410; x_wconf 81' lang='lat' dir='ltr'><strong>salutare.</strong></span> <span class='ocrx_word' id='word_1_119' title='bbox 596 2347 724 2410; x_wconf 77' lang='lat' dir='ltr'><strong>Admittit</strong></span> <span class='ocrx_word' id='word_1_120' title='bbox 739 2349 856 2408; x_wconf 87' lang='lat' dir='ltr'><strong>humana</strong></span> <span class='ocrx_word' id='word_1_121' title='bbox 869 2357 966 2408; x_wconf 86' lang='lat' dir='ltr'><strong>natura</strong></span> <span class='ocrx_word' id='word_1_122' title='bbox 981 2346 1057 2426; x_wconf 85' lang='lat' dir='ltr'><strong>quod</strong></span> <span class='ocrx_word' id='word_1_123' title='bbox 1070 2347 1189 2408; x_wconf 78' lang='lat' dir='ltr'><strong>suadeo.</strong></span> 
     </span>
     <span class='ocr_line' id='line_1_19' title="bbox 164 2430 1235 2510; baseline -0.005 -16"><span class='ocrx_word' id='word_1_124' title='bbox 164 2430 259 2508; x_wconf 83' lang='lat' dir='ltr'><strong>31pse</strong></span> <span class='ocrx_word' id='word_1_125' title='bbox 279 2440 359 2492; x_wconf 86' lang='lat' dir='ltr'><strong>oerte</strong></span> <span class='ocrx_word' id='word_1_126' title='bbox 378 2433 422 2492; x_wconf 87' lang='lat' dir='ltr'><strong>sio</strong></span> <span class='ocrx_word' id='word_1_127' title='bbox 442 2449 529 2508; x_wconf 80' lang='lat' dir='ltr'><strong>agere</strong></span> <span class='ocrx_word' id='word_1_128' title='bbox 549 2449 634 2494; x_wconf 89' lang='lat' dir='ltr'><strong>sanus</strong></span> <span class='ocrx_word' id='word_1_129' title='bbox 655 2449 718 2492; x_wconf 87' lang='lat' dir='ltr'><strong>eum</strong></span> <span class='ocrx_word' id='word_1_130' title='bbox 735 2433 806 2492; x_wconf 89' lang='lat' dir='ltr'><strong>meis</strong></span> <span class='ocrx_word' id='word_1_131' title='bbox 822 2431 921 2492; x_wconf 90' lang='lat' dir='ltr'><strong>soleo:</strong></span> <span class='ocrx_word' id='word_1_132' title='bbox 946 2437 1046 2510; x_wconf 79' lang='lat' dir='ltr'><strong>‘spero</strong></span> <span class='ocrx_word' id='word_1_133' title='bbox 1062 2430 1235 2510; x_wconf 69' lang='lat' dir='ltr'><strong>quidem,25</strong></span> 
     </span>
     <span class='ocr_line' id='line_1_20' title="bbox 188 2513 1192 2592; baseline 0.001 -17"><span class='ocrx_word' id='word_1_134' title='bbox 188 2517 213 2575; x_wconf 89' lang='lat' dir='ltr'><strong>si</strong></span> <span class='ocrx_word' id='word_1_135' title='bbox 228 2514 303 2574; x_wconf 79' lang='lat' dir='ltr'><strong>forte</strong></span> <span class='ocrx_word' id='word_1_136' title='bbox 316 2515 346 2574; x_wconf 86' lang='lat' dir='ltr'><strong>in</strong></span> <span class='ocrx_word' id='word_1_137' title='bbox 359 2515 507 2576; x_wconf 81' lang='lat' dir='ltr'><strong>aduersam</strong></span> <span class='ocrx_word' id='word_1_138' title='bbox 526 2514 716 2576; x_wconf 84' lang='lat' dir='ltr'><strong>valetudinem</strong></span> <span class='ocrx_word' id='word_1_139' title='bbox 736 2515 880 2592; x_wconf 81' lang='lat' dir='ltr'><strong>incidero,</strong></span> <span class='ocrx_word' id='word_1_140' title='bbox 897 2514 966 2576; x_wconf 90' lang='lat' dir='ltr'><strong>nihil</strong></span> <span class='ocrx_word' id='word_1_141' title='bbox 980 2533 1026 2576; x_wconf 88' lang='lat' dir='ltr'><strong>me</strong></span> <span class='ocrx_word' id='word_1_142' title='bbox 1042 2513 1192 2576; x_wconf 84' lang='lat' dir='ltr'><strong>desidera-</strong></span> 
     </span>
     <span class='ocr_line' id='line_1_21' title="bbox 187 2596 1192 2678; baseline -0.001 -19"><span class='ocrx_word' id='word_1_143' title='bbox 187 2596 340 2660; x_wconf 85' lang='lat' dir='ltr'><strong>turumvel</strong></span> <span class='ocrx_word' id='word_1_144' title='bbox 354 2598 464 2678; x_wconf 92' lang='lat' dir='ltr'><strong>pudore</strong></span> <span class='ocrx_word' id='word_1_145' title='bbox 476 2598 524 2660; x_wconf 86' lang='lat' dir='ltr'><strong>vel</strong></span> <span class='ocrx_word' id='word_1_146' title='bbox 536 2599 707 2678; x_wconf 84' lang='lat' dir='ltr'><strong>paenitentia</strong></span> <span class='ocrx_word' id='word_1_147' title='bbox 721 2597 849 2677; x_wconf 76' lang='lat' dir='ltr'><strong>dignum:</strong></span> <span class='ocrx_word' id='word_1_148' title='bbox 864 2599 889 2660; x_wconf 92' lang='lat' dir='ltr'><strong>si</strong></span> <span class='ocrx_word' id='word_1_149' title='bbox 902 2607 997 2660; x_wconf 88' lang='lat' dir='ltr'><strong>tarueu</strong></span> <span class='ocrx_word' id='word_1_150' title='bbox 1009 2600 1192 2678; x_wconf 84' lang='lat' dir='ltr'><strong>superaverit</strong></span> 
     </span>
     <span class='ocr_line' id='line_1_22' title="bbox 187 2681 1191 2764; baseline 0 -20"><span class='ocrx_word' id='word_1_151' title='bbox 187 2682 313 2761; x_wconf 81' lang='lat' dir='ltr'><strong>morbus,</strong></span> <span class='ocrx_word' id='word_1_152' title='bbox 327 2681 459 2744; x_wconf 89' lang='lat' dir='ltr'><strong>denuntio</strong></span> <span class='ocrx_word' id='word_1_153' title='bbox 471 2701 507 2743; x_wconf 87' lang='lat' dir='ltr'><strong>ne</strong></span> <span class='ocrx_word' id='word_1_154' title='bbox 519 2682 585 2764; x_wconf 85' lang='lat' dir='ltr'><strong>quid</strong></span> <span class='ocrx_word' id='word_1_155' title='bbox 596 2683 661 2744; x_wconf 90' lang='lat' dir='ltr'><strong>mihi</strong></span> <span class='ocrx_word' id='word_1_156' title='bbox 674 2682 747 2744; x_wconf 90' lang='lat' dir='ltr'><strong>detis</strong></span> <span class='ocrx_word' id='word_1_157' title='bbox 758 2681 1191 2762; x_wconf 62' lang='lat' dir='ltr'><strong>nisizpermittentibusmedieis,</strong></span> 
     </span>
     <span class='ocr_line' id='line_1_23' title="bbox 188 2766 1192 2846; baseline 0 -20"><span class='ocrx_word' id='word_1_158' title='bbox 188 2767 353 2846; x_wconf 74' lang='lat' dir='ltr'><strong>sciatisque,</strong></span> <span class='ocrx_word' id='word_1_159' title='bbox 366 2769 391 2828; x_wconf 89' lang='lat' dir='ltr'><strong>si</strong></span> <span class='ocrx_word' id='word_1_160' title='bbox 405 2766 557 2846; x_wconf 87' lang='lat' dir='ltr'><strong>dederitis,</strong></span> <span class='ocrx_word' id='word_1_161' title='bbox 572 2769 611 2828; x_wconf 89' lang='lat' dir='ltr'><strong>ita</strong></span> <span class='ocrx_word' id='word_1_162' title='bbox 623 2767 826 2827; x_wconf 82' lang='lat' dir='ltr'><strong>vindicaturum</strong></span> <span class='ocrx_word' id='word_1_163' title='bbox 845 2776 876 2827; x_wconf 93' lang='lat' dir='ltr'><strong>ut</strong></span> <span class='ocrx_word' id='word_1_164' title='bbox 890 2767 984 2827; x_wconf 90' lang='lat' dir='ltr'><strong>solent</strong></span> <span class='ocrx_word' id='word_1_165' title='bbox 995 2766 1044 2830; x_wconf 87' lang='lat' dir='ltr'><strong>alii</strong></span> <span class='ocrx_word' id='word_1_166' title='bbox 1054 2784 1126 2846; x_wconf 87' lang='lat' dir='ltr'><strong>quae</strong></span> <span class='ocrx_word' id='word_1_167' title='bbox 1139 2785 1192 2826; x_wconf 92' lang='lat' dir='ltr'><strong>ne·</strong></span> 
     </span>
     <span class='ocr_line' id='line_1_24' title="bbox 162 2848 1236 2930; baseline 0 -18"><span class='ocrx_word' id='word_1_168' title='bbox 162 2855 311 2926; x_wconf 64' lang='lat' dir='ltr'><strong>agantur?</strong></span> <span class='ocrx_word' id='word_1_169' title='bbox 334 2848 407 2924; x_wconf 84' lang='lat' dir='ltr'><strong>Quin</strong></span> <span class='ocrx_word' id='word_1_170' title='bbox 421 2853 583 2914; x_wconf 75' lang='lat' dir='ltr'><strong>etiamdum</strong></span> <span class='ocrx_word' id='word_1_171' title='bbox 599 2861 732 2928; x_wconf 88' lang='lat' dir='ltr'><strong>perustus</strong></span> <span class='ocrx_word' id='word_1_172' title='bbox 746 2849 941 2915; x_wconf 82' lang='lat' dir='ltr'><strong>ardentissima</strong></span> <span class='ocrx_word' id='word_1_173' title='bbox 955 2851 1053 2930; x_wconf 84' lang='lat' dir='ltr'><strong>febre,</strong></span> <span class='ocrx_word' id='word_1_174' title='bbox 1076 2849 1236 2924; x_wconf 70' lang='lat' dir='ltr'><strong>tendemao</strong></span> 
     </span>
     <span class='ocr_line' id='line_1_25' title="bbox 186 2934 1289 3017; baseline 0.006 -27"><span class='ocrx_word' id='word_1_175' title='bbox 186 2935 323 2992; x_wconf 89' lang='lat' dir='ltr'><strong>remissus</strong></span> <span class='ocrx_word' id='word_1_176' title='bbox 349 2942 509 3012; x_wconf 82' lang='lat' dir='ltr'><strong>unctusque</strong></span> <span class='ocrx_word' id='word_1_177' title='bbox 530 2935 693 3013; x_wconf 83' lang='lat' dir='ltr'><strong>noeiperem</strong></span> <span class='ocrx_word' id='word_1_178' title='bbox 713 2952 730 2995; x_wconf 85' lang='lat' dir='ltr'><strong>a</strong></span> <span class='ocrx_word' id='word_1_179' title='bbox 751 2934 867 2998; x_wconf 85' lang='lat' dir='ltr'><strong>medion.</strong></span> <span class='ocrx_word' id='word_1_180' title='bbox 884 2935 1054 3015; x_wconf 86' lang='lat' dir='ltr'><strong>petionem„</strong></span> <span class='ocrx_word' id='word_1_181' title='bbox 1072 2937 1195 3014; x_wconf 83' lang='lat' dir='ltr'><strong>perrexi</strong></span> <span class='ocrx_word' id='word_1_182' title='bbox 1288 2951 1289 3017; x_wconf 57' lang='lat' dir='ltr'><strong>p</strong></span> 
     </span>
     <span class='ocr_line' id='line_1_26' title="bbox 186 3017 1194 3097; baseline 0.003 -23"><span class='ocrx_word' id='word_1_183' title='bbox 186 3032 297 3074; x_wconf 83' lang='lat' dir='ltr'><strong>manum</strong></span> <span class='ocrx_word' id='word_1_184' title='bbox 314 3024 402 3094; x_wconf 89' lang='lat' dir='ltr'><strong>utque</strong></span> <span class='ocrx_word' id='word_1_185' title='bbox 422 3025 552 3095; x_wconf 80' lang='lat' dir='ltr'><strong>tangeret</strong></span> <span class='ocrx_word' id='word_1_186' title='bbox 571 3017 644 3095; x_wconf 83' lang='lat' dir='ltr'><strong>dixi,</strong></span> <span class='ocrx_word' id='word_1_187' title='bbox 666 3018 863 3097; x_wconf 87' lang='lat' dir='ltr'><strong>admotumque</strong></span> <span class='ocrx_word' id='word_1_188' title='bbox 884 3021 938 3079; x_wconf 87' lang='lat' dir='ltr'><strong>iam</strong></span> <span class='ocrx_word' id='word_1_189' title='bbox 952 3017 1038 3080; x_wconf 86' lang='lat' dir='ltr'><strong>labris</strong></span> <span class='ocrx_word' id='word_1_190' title='bbox 1054 3017 1194 3096; x_wconf 82' lang='lat' dir='ltr'><strong>poculum</strong></span> 
     </span>
     <span class='ocr_line' id='line_1_27' title="bbox 164 3097 1194 3180; baseline 0 -18"><span class='ocrx_word' id='word_1_191' title='bbox 164 3098 306 3162; x_wconf 88' lang='lat' dir='ltr'><strong>5reddidi.</strong></span> <span class='ocrx_word' id='word_1_192' title='bbox 340 3097 444 3161; x_wconf 84' lang='lat' dir='ltr'><strong>Postea</strong></span> <span class='ocrx_word' id='word_1_193' title='bbox 463 3119 527 3160; x_wconf 84' lang='lat' dir='ltr'><strong>cunr</strong></span> <span class='ocrx_word' id='word_1_194' title='bbox 546 3103 702 3162; x_wconf 80' lang='lat' dir='ltr'><strong>uicensimo</strong></span> <span class='ocrx_word' id='word_1_195' title='bbox 722 3101 889 3163; x_wconf 77' lang='lat' dir='ltr'><strong>valetudinis</strong></span> <span class='ocrx_word' id='word_1_196' title='bbox 911 3102 957 3162; x_wconf 88' lang='lat' dir='ltr'><strong>die</strong></span> <span class='ocrx_word' id='word_1_197' title='bbox 978 3101 1090 3163; x_wconf 88' lang='lat' dir='ltr'><strong>balineo</strong></span> <span class='ocrx_word' id='word_1_198' title='bbox 1106 3119 1194 3180; x_wconf 81' lang='lat' dir='ltr'><strong>prae·</strong></span> 
     </span>
     <span class='ocr_line' id='line_1_28' title="bbox 186 3184 1193 3265; baseline 0.001 -21"><span class='ocrx_word' id='word_1_199' title='bbox 186 3201 304 3262; x_wconf 81' lang='lat' dir='ltr'><strong>parerer</strong></span> <span class='ocrx_word' id='word_1_200' title='bbox 318 3193 536 3264; x_wconf 86' lang='lat' dir='ltr'><strong>mussantesque</strong></span> <span class='ocrx_word' id='word_1_201' title='bbox 551 3184 678 3246; x_wconf 81' lang='lat' dir='ltr'><strong>medieas</strong></span> <span class='ocrx_word' id='word_1_202' title='bbox 692 3195 813 3265; x_wconf 87' lang='lat' dir='ltr'><strong>repente</strong></span> <span class='ocrx_word' id='word_1_203' title='bbox 833 3185 984 3262; x_wconf 84' lang='lat' dir='ltr'><strong>vidissem,</strong></span> <span class='ocrx_word' id='word_1_204' title='bbox 1006 3203 1120 3247; x_wconf 85' lang='lat' dir='ltr'><strong>eausam</strong></span> <span class='ocrx_word' id='word_1_205' title='bbox 1144 3203 1193 3245; x_wconf 88' lang='lat' dir='ltr'><strong>re·</strong></span> 
     </span>
    </p>
   </div>
   <div class='ocr_carea' id='block_1_7' title="bbox 1198 2041 1235 2094">
    <p class='ocr_par' dir='ltr' id='par_1_8' title="bbox 1198 2041 1235 2094">
     <span class='ocr_line' id='line_1_29' title="bbox 1198 2041 1235 2094; baseline 0 0"><span class='ocrx_word' id='word_1_206' title='bbox 1198 2041 1235 2094; x_wconf 70' lang='lat'><strong>20</strong></span> 
     </span>
    </p>
   </div>
   <div class='ocr_carea' id='block_1_8' title="bbox 163 3259 1288 3618">
    <p class='ocr_par' dir='ltr' id='par_1_9' title="bbox 163 3259 1288 3436">
     <span class='ocr_line' id='line_1_30' title="bbox 187 3259 1288 3364; baseline 0.005 -36"><span class='ocrx_word' id='word_1_207' title='bbox 187 3269 297 3345; x_wconf 86' lang='lat' dir='ltr'><strong>quisivi.</strong></span> <span class='ocrx_word' id='word_1_208' title='bbox 317 3259 537 3348; x_wconf 80' lang='lat' dir='ltr'><strong>Responderunt</strong></span> <span class='ocrx_word' id='word_1_209' title='bbox 550 3285 639 3348; x_wconf 88' lang='lat' dir='ltr'><strong>posse</strong></span> <span class='ocrx_word' id='word_1_210' title='bbox 651 3270 878 3348; x_wconf 79' lang='lat' dir='ltr'><strong>metutolaveri,</strong></span> <span class='ocrx_word' id='word_1_211' title='bbox 894 3273 1236 3334; x_wconf 73' lang='lat' dir='ltr'><strong>non-tunnenomninoitt</strong></span> <span class='ocrx_word' id='word_1_212' title='bbox 1287 3311 1288 3364; x_wconf 59' lang='lat'><strong>,</strong></span> 
     </span>
     <span class='ocr_line' id='line_1_31' title="bbox 163 3350 1194 3436; baseline -0.002 -20"><span class='ocrx_word' id='word_1_213' title='bbox 163 3350 249 3416; x_wconf 80' lang='lat' dir='ltr'><strong>esne</strong></span> <span class='ocrx_word' id='word_1_214' title='bbox 269 3351 363 3432; x_wconf 81' lang='lat' dir='ltr'><strong>aliqua</strong></span> <span class='ocrx_word' id='word_1_215' title='bbox 382 3354 550 3432; x_wconf 86' lang='lat' dir='ltr'><strong>suspitione.</strong></span> <span class='ocrx_word' id='word_1_216' title='bbox 584 3351 682 3426; x_wconf 78' lang='lat' dir='ltr'><strong>‘Quid&#39;</strong></span> <span class='ocrx_word' id='word_1_217' title='bbox 703 3355 817 3432; x_wconf 84' lang='lat' dir='ltr'><strong>inquam</strong></span> <span class='ocrx_word' id='word_1_218' title='bbox 837 3361 977 3416; x_wconf 79' lang='lat' dir='ltr'><strong>‘neeesse</strong></span> <span class='ocrx_word' id='word_1_219' title='bbox 995 3350 1080 3414; x_wconf 75' lang='lat' dir='ltr'><strong>eati’</strong></span> <span class='ocrx_word' id='word_1_220' title='bbox 1102 3362 1194 3436; x_wconf 78' lang='lat' dir='ltr'><strong>atque</strong></span> 
     </span>
    </p>

    <p class='ocr_par' dir='ltr' id='par_1_10' title="bbox 187 3435 1194 3518">
     <span class='ocr_line' id='line_1_32' title="bbox 187 3435 1194 3518; baseline 0.002 -22"><span class='ocrx_word' id='word_1_221' title='bbox 187 3437 230 3496; x_wconf 87' lang='lat' dir='ltr'><strong>ita:</strong></span> <span class='ocrx_word' id='word_1_222' title='bbox 238 3453 291 3514; x_wconf 88' lang='lat' dir='ltr'><strong>spe</strong></span> <span class='ocrx_word' id='word_1_223' title='bbox 306 3435 427 3514; x_wconf 88' lang='lat' dir='ltr'><strong>balinei,</strong></span> <span class='ocrx_word' id='word_1_224' title='bbox 450 3438 495 3498; x_wconf 85' lang='lat' dir='ltr'><strong>eui</strong></span> <span class='ocrx_word' id='word_1_225' title='bbox 509 3439 564 3498; x_wconf 88' lang='lat' dir='ltr'><strong>iam</strong></span> <span class='ocrx_word' id='word_1_226' title='bbox 576 3437 693 3498; x_wconf 85' lang='lat' dir='ltr'><strong>videbar</strong></span> <span class='ocrx_word' id='word_1_227' title='bbox 706 3438 821 3515; x_wconf 86' lang='lat' dir='ltr'><strong>inierri,</strong></span> <span class='ocrx_word' id='word_1_228' title='bbox 844 3437 956 3518; x_wconf 79' lang='lat' dir='ltr'><strong>placide</strong></span> <span class='ocrx_word' id='word_1_229' title='bbox 970 3437 1138 3518; x_wconf 77' lang='lat' dir='ltr'><strong>leuiterque</strong></span> <span class='ocrx_word' id='word_1_230' title='bbox 1150 3437 1194 3498; x_wconf 90' lang='lat' dir='ltr'><strong>di·</strong></span> 
     </span>
    </p>

    <p class='ocr_par' dir='ltr' id='par_1_11' title="bbox 187 3517 1287 3618">
     <span class='ocr_line' id='line_1_33' title="bbox 187 3517 1287 3618; baseline 0.002 -38"><span class='ocrx_word' id='word_1_231' title='bbox 187 3521 275 3580; x_wconf 82' lang='lat' dir='ltr'><strong>misse</strong></span> <span class='ocrx_word' id='word_1_232' title='bbox 287 3517 322 3579; x_wconf 90' lang='lat' dir='ltr'><strong>ad</strong></span> <span class='ocrx_word' id='word_1_233' title='bbox 337 3518 533 3584; x_wconf 84' lang='lat' dir='ltr'><strong>abstinentiam</strong></span> <span class='ocrx_word' id='word_1_234' title='bbox 549 3540 658 3600; x_wconf 86' lang='lat' dir='ltr'><strong>rursus,</strong></span> <span class='ocrx_word' id='word_1_235' title='bbox 673 3539 732 3582; x_wconf 91' lang='lat' dir='ltr'><strong>uon</strong></span> <span class='ocrx_word' id='word_1_236' title='bbox 745 3540 831 3584; x_wconf 84' lang='lat' dir='ltr'><strong>senus</strong></span> <span class='ocrx_word' id='word_1_237' title='bbox 842 3540 876 3583; x_wconf 85' lang='lat' dir='ltr'><strong>ae</strong></span> <span class='ocrx_word' id='word_1_238' title='bbox 891 3521 975 3584; x_wconf 85' lang='lat' dir='ltr'><strong>made</strong></span> <span class='ocrx_word' id='word_1_239' title='bbox 995 3521 1030 3583; x_wconf 88' lang='lat' dir='ltr'><strong>ad</strong></span> <span class='ocrx_word' id='word_1_240' title='bbox 1046 3519 1198 3582; x_wconf 87' lang='lat' dir='ltr'><strong>balineum</strong></span> <span class='ocrx_word' id='word_1_241' title='bbox 1286 3535 1287 3618; x_wconf 53' lang='lat' dir='ltr'><strong>p</strong></span> 
     </span>
    </p>
   </div>
   <div class='ocr_carea' id='block_1_9' title="bbox 0 0 1299 3972">
    <p class='ocr_par' dir='ltr' id='par_1_12' title="bbox 0 0 1299 3972">
     <span class='ocr_line' id='line_1_34' title="bbox 0 0 1299 3972; baseline 0 0"><span class='ocrx_word' id='word_1_242' title='bbox 0 0 1299 3972; x_wconf 95' lang='lat' dir='ltr'><strong> </strong></span> 
     </span>
    </p>
   </div>
  </div>
 </body>
</html>
