2604 3972
291 269 555 333 EPISTULARUM
569 280 712 335 ss-sa
728 271 881 349 [ru—19.
896 273 1053 350 so.-93.]
1109 271 1172 333 229
1283 297 1284 300 ¹

174 425 268 485 iaetus
284 423 411 504 eohortis
431 423 625 502 plenissimum
646 424 836 484 testimonium
855 424 990 486 meruerit
1005 421 1068 484 lulii
1083 423 1172 484 Fero·

175 510 217 569 eis
237 517 268 568 et
288 506 375 568 Fusoi
395 507 577 585 Salinatoris,
599 506 818 568 clarissimorum
831 508 962 567 virorum.
995 507 1089 569 lleum
1104 525 1172 585 gau·

174 591 248 651 dium
264 607 411 670 meamque
425 590 641 670 gratulationem
655 590 704 650 lilii
718 589 828 651 honore
847 591 1009 654 continebo.

463 722 640 784 maxum.
664 722 879 802 [lxxxvrmn

390 821 418 874 0.
434 820 560 874 PLINIUS
577 821 722 873 TRAIANO
738 821 948 874 IMPERATORI.

235 922 322 1003 Opto,
338 922 467 1000 domiue,
482 932 512 985 et
525 922 601 985 huno
616 922 737 985 natalem
752 932 782 985 et
796 922 932 1003 plurimos
947 921 1018 983 elios
1032 940 1114 1002 qnam
1129 923 1170 983 ie-

173 1005 326 1068 lioissimos
345 1023 414 1085 ages
434 1016 605 1088 aetemaqne
627 1007 709 1068 laude
732 1006 881 1068 florentem
898 1007 1009 1068 vntum
1028 1016 1094 1068 tuae
1108 1006 1171 1084 glo·

173 1090 242 1151 riam
257 1088 522 1184 [qnam1ineolumis
537 1100 567 1151 et
577 1091 659 1151 iortis
671 1088 732 1152 aliie
744 1108 831 1169 super
841 1090 897 1152 alia
908 1091 1043 1171 operibus
1055 1108 1171 1168 augeas.

437 1295 439 1300 ,
531 1222 724 1286 mxxvrm.
739 1221 822 1303 [xor

506 1323 670 1376 TRAIANUS
684 1322 790 1374 PLINIO
806 1322 833 1374 S.

235 1426 373 1504 Agnosco
392 1435 458 1488 vota
477 1435 539 1505 tua,
561 1428 598 1488 mi
619 1425 751 1487 Secunde
768 1405 931 1503 oanssmej
953 1423 1056 1502 quihus
1071 1440 1172 1503 preca·

173 1508 213 1572 rie
228 1518 258 1570 ut
279 1509 415 1587 plurimos
432 1519 462 1570 et
475 1509 658 1572 ielioiesimos
673 1509 781 1572 netues
797 1509 917 1570 llorente
934 1516 1008 1568 statu
1021 1508 1064 1568 rei
1079 1504 1172 1587 publi-

131 1600 165 1654 15
174 1610 225 1653 eae
240 1601 354 1654 nostrae
369 1610 458 1672 agam.

133 1181 166 1233 to

398 1825 425 1875 G.
441 1824 566 1878 PLINIUS
579 1725 952 1878 ffllffilssmmom·

237 1925 433 2005 Sinopenses,
460 1926 589 2004 domine,
617 1944 689 2005 aqua
711 1926 892 1992 deficientum
917 1939 989 2001 quae
1009 1919 1121 1981 videtur
1141 1928 1195 1986 et1

129 2008 247 2075 sobora
260 2017 291 2068 et
312 2011 431 2087 eopiosa
445 2009 480 2069 ab
496 2017 579 2070 sexto
594 2009 707 2069 ‹leoimo
721 2008 839 2068 miliario
854 2023 943 2085 posse
956 2003 1085 2082 perduci.
1118 2000 1172 2061 Est

173 2098 266 2151 tamen
281 2093 374 2152 statim
388 2093 424 2152 alr
439 2094 532 2173 eapite
552 2091 637 2172 paulo
652 2091 771 2172 amplios
789 2089 868 2151 mille
882 2088 1013 2166 passibus
1027 2086 1110 2146 loona
1125 2103 1172 2145 su-

172 2182 292 2253 spectus
306 2185 336 2236 et
348 2175 461 2253 mollis,
484 2193 569 2255 quem
586 2192 643 2253 ego
662 2176 774 2236 interim
788 2172 930 2253 explorari
944 2169 1058 2231 modico
1073 2170 1171 2249 inpen-

173 2257 220 2318 dio
242 2259 329 2337 iussi,
351 2277 386 2320 an
402 2260 535 2338 reeipere
556 2269 585 2319 et
605 2260 746 2320 sustinere
762 2274 835 2336 opus
854 2257 954 2337 possit.
984 2253 1108 2315 Pecunia
1123 2261 1198 2314 err-a

172 2342 298 2402 rantibus
312 2343 395 2403 nohis
410 2351 555 2404 eonuaeta
568 2358 625 2402 nou
640 2342 748 2420 deerit,
765 2343 789 2402 si
801 2349 849 2419 tu,
863 2339 993 2418 domine,
1008 2337 1065 2398 hoc
1079 2354 1171 2414 genus

129 2431 164 2484 25
176 2425 273 2503 operis
297 2435 327 2487 et
347 2424 503 2488 salubritati
523 2434 553 2488 et
573 2427 733 2487 amoenitati
753 2423 837 2486 valde
852 2425 973 2486 sitientis
988 2421 1119 2484 eoloniae
1132 2421 1174 2479 in·

173 2507 305 2571 dulserie.

568 2590 646 2653 XCI.
669 2590 781 2672 [XCII-l

505 2690 670 2742 TRAIANUS
691 2689 795 2742 PLINIO
811 2688 837 2744 S.

236 2791 274 2852 Ut
290 2792 429 2872 eoepisti‚
445 2791 578 2852 Secunde
594 2793 757 2869 omimium,
782 2790 900 2869 explora
914 2789 1065 2867 diligenter
1079 2805 1114 2848 an
1130 2787 1174 2848 lo·

130 2891 225 2947 sonus
241 2873 292 2935 ille
308 2892 392 2954 mem
409 2883 575 2954 suspectum
592 2874 682 2938 lralree
702 2876 845 2936 sustinere
867 2890 940 2951 opus
965 2871 1173 2952 aquaeductus

174 2959 274 3038 possit.
306 2956 409 3037 Neque
426 2960 500 3019 enim
521 2958 702 3020 dubitandum
723 2968 792 3037 puto
813 2958 879 3037 quio
898 2975 971 3037 aqua
991 2954 1174 3037 perducenda

173 3044 210 3104 sit
222 3043 252 3102 in
266 3041 406 3103 oolouiam
425 3042 632 3122 Sinopensem,
653 3042 781 3105 simodo
804 3051 834 3103 et
852 3041 960 3102 viribus
982 3040 1040 3103 suis
1054 3038 1174 3116 adsequi

173 3133 289 3206 potest,
311 3125 539 3205 cumplurimum
558 3143 593 3187 ea
611 3146 659 3189 res
682 3135 712 3187 et
732 3125 887 3188 salubritati
907 3134 938 3185 et
957 3122 1096 3200 voluptati
1110 3122 1173 3183 eius

174 3208 319 3272 eonlatura
336 3209 383 3269 sit.

130 3312 165 3368 ee
551 3305 642 3368 xcrr.
667 3303 795 3385 [morri]

398 3405 425 3456 G.
442 3403 568 3458 PLINIUS
586 3405 730 3458 TRAIANO
745 3404 954 3459 IMPERATONI.

235 3507 434 3571 Aruleenorum
446 3509 545 3570 civitas
557 3506 648 3569 libera
663 3516 692 3569 et
707 3505 853 3568 foederata
869 3505 1011 3567 heueiioio
1029 3501 1175 3579 indulgen·
