2580 3970
405 237 669 301 enunciamus
690 246 733 302 63.
745 245 790 300 ol.
800 246 843 299 66.
1060 235 1123 299 279

106 404 276 458 'senatores
305 394 438 471 Plerique
454 399 547 452 tomen
562 398 687 450 nontam
703 389 837 468 superbia
852 407 934 467 quam
953 399 1030 449 metu
1051 407 1123 470 quo·

117 480 179 540 dam
189 478 446 540 summovebantur.
460 474 505 534 An
514 484 679 552 stuprorum
690 473 744 534 sibi
754 475 985 552 incestarumque
996 476 1122 534 noctium

116 557 392 638 conscii,'auspicie
407 556 538 638 polluere
553 567 750 634 sacratumque
766 574 895 634 campum
908 557 1019 616 nefario
1035 558 1120 618 6666·

114 654 179 706 rent
199 647 387 706 contaminare
408 638 554 720 vestigio?
580 639 646 701 Non
665 639 738 702 adeo
760 640 831 702 deos
847 640 1035 718 hominesque
1053 659 1119 701 con·

87 738 307 807 otempserant,
326 736 356 787 ut
370 729 399 786 in
413 725 460 786 illa
474 727 689 804 speciosissima
706 723 777 786 sede
790 724 933 785 hominum
945 723 1120 802 deorumque

115 815 264 872 coniectos
285 815 314 872 in
335 829 368 871 se
390 809 491 870 oculos
506 809 584 870 ferre
599 827 633 869 ac
650 810 764 887 perpeti
779 817 907 886 possent.
944 806 1006 867 Tibi
1023 817 1121 868 contra

113 904 143 954 et
155 895 311 956 moderatio
325 903 372 954 tua
386 894 475 954 sunsit
488 902 518 953 et
532 895 666 957 sanctitas
680 901 711 952 ut
721 900 750 952 te
767 901 797 953 et
810 891 943 970 religioni
959 891 1076 952 deorum
1090 901 1119 952 et

113 977 225 1040 iudiciis
240 979 382 1040 homiuum
396 977 558 1039 exhiberes.
591 975 648 1036 Alii
670 975 846 1038 consulatum
861 985 925 1037 ante
945 994 1027 1056 quam
1042 977 1117 1037 acci·
1129 971 1178 1038 64

113 1071 232 1140 perent,
261 1072 291 1122 tu
311 1071 341 1122 et
363 1062 428 1122 dum
449 1062 558 1139 accipis
572 1061 720 1123 meruistis
743 1057 859 1122 Peracta
875 1070 954 1122 erant
970 1058 1119 1122 sollemnia

68 1157 105 1207 10
115 1146 307 1222 comitiorum,
333 1147 358 1206 61
379 1145 544 1223 principem
559 1146 718 1222 cogitares,
746 1145 858 1222 iamque
873 1162 907 1205 66
928 1146 1017 1206 omnis
1038 1143 1119 1204 turba

114 1239 322 1306 commoverat,
351 1247 416 1288 cum
434 1236 462 1288 tu
483 1229 647 1290 mirantibus
671 1229 781 1290 cunctis
802 1227 919 1288 6666616
940 1228 975 1288 66
992 1227 1119 1290 66666116

112 1310 230 1390 sellam,
246 1311 415 1390 adigendum
431 1321 458 1374 te
474 1311 596 1390 praeires
610 1313 639 1371 in
649 1310 736 1372 verba
750 1313 926 1391 principibus
934 1312 1048 1389 ignota,
1064 1311 1119 1372 6161

113 1413 178 1455 curn
193 1398 284 1456 iurare
300 1405 440 1474 cogerent
450 1395 532 1456 alios.
554 1394 644 1456 Vides
655 1413 737 1475 quam
748 1397 942 1456 necessarium
953 1394 1038 1456 fuerit
1051 1411 1117 1454 con·

112 1479 232 1539 sulatum
242 1497 299 1540 non
311 1497 455 1540 recusare.
477 1477 540 1539 Non
554 1487 732 1556 putassemus
742 1478 818 1539 istud
829 1479 1004 1540 tefacturnm
1015 1479 1116 1554 fuisse,

66 1575 102 1626 15
113 1565 137 1624 si
157 1581 335 1624 6666666666.
372 1563 499 1642 Stupeo,
529 1572 624 1640 patres
647 1565 818 1641 conscripti,
843 1563 965 1624 necdum
985 1566 1118 1624 66ι1666ι

112 1646 206 1708 oculis
224 1650 294 1708 meis
316 1657 363 1708 aut
383 1648 498 1708 auribus
520 1645 621 1723 credo,
642 1656 728 1726 atque
744 1646 899 1708 identidem
913 1665 959 1708 me
974 1646 1117 1708 6666616-

111 1732 182 1808 rim,
206 1750 241 1791 an
260 1731 379 1790 viderim
398 1733 555 1808 interrogo.
589 1730 746 1809 Imperator
762 1748 833 1808 ergo
850 1741 879 1791 et
894 1729 1000 1792 066666
1016 1739 1045 1790 6ι
1060 1729 1117 1789 du·

111 1824 213 1890 gustus
227 1824 256 1874 et
270 1815 401 1892 pontifex
422 1817 557 1876 maximus
572 1817 651 1876 stetit
666 1825 730 1876 aute
746 1817 885 1892 gremium
902 1813 1046 1890 consulis,
1070 1832 1116 1874 se·

113 1899 210 1976 ditqoe
225 1897 325 1958 consul
340 1900 471 1976 principe
486 1907 551 1958 ante
566 1917 599 1956 66
614 1908 724 1975 6ι66ι6,
744 1907 773 1958 et
794 1898 867 1958 sedit
882 1897 1054 1973 inturbatus,
1076 1898 1115 1956 in·
1154 1897 1156 1902 ’

65 1995 102 2048 20
113 1983 245 2058 territus,
260 1991 288 2041 et
303 1991 443 2060 tamquam
457 1983 493 2040 ita
509 1982 570 2042 fieri
585 1981 704 2042 soleret.
728 1980 899 2054 Quinetiam
913 1981 1018 2041 sedens
1035 1997 1116 2058 prue-

111 2066 161 2124 iuit
176 2065 385 2143 iusiurandum,
402 2064 613 2142 6ι11161666611,
630 2066 783 2144 expressit,
800 2063 1017 2144 explanavitque
1030 2065 1117 2124 verba

112 2149 213 2227 quibus
238 2158 322 2228 caput
338 2167 434 2226 suum,
458 2148 568 2210 domum
582 2166 677 2225 suom,
702 2148 727 2209 si
742 2151 837 2210 661666
852 2147 1025 2224 fefellisset,
1049 2147 1116 2208 deo·

111 2250 172 2291 rum
189 2233 247 2294 1666
264 2242 458 2293 consecraret.
481 2231 605 2310 Ingens,
618 2230 741 2309 Caesar,
758 2241 788 2293 6ι
801 2249 853 2311 par
867 2231 959 2310 gloria
974 2240 1037 2308 tua,
1054 2233 1115 2291 siue

111 2315 233 2378 fecerint
251 2316 326 2376 istud
340 2325 442 2396 postea
458 2317 603 2395 principes
618 2317 680 2378 sive
694 2333 751 2376 non
766 2315 897 2377 fecerint.
931 2314 1031 2376 Ullane
1047 2316 1115 2375 satis

65 2399 195 2476 6561666
211 2400 385 2478 praedicatio
400 2407 446 2460 est
458 2399 531 2460 idem
545 2401 630 2461 tertio
646 2399 792 2461 consulem
803 2399 912 2462 fecisse
924 2398 1000 2478 6666
1014 2400 1115 2477 primo,

112 2483 186 2542 idem
209 2485 367 2561 principem
387 2483 463 2563 quod
484 2485 639 2562 privatum,
665 2483 740 2545 idem
755 2484 955 2564 imperatorem
970 2482 1047 2561 quod
1061 2483 1115 2543 suu

112 2565 305 2644 imperatore?
332 2566 440 2629 Nescio
460 2569 529 2644 iam,
556 2569 655 2628 nescio
677 2566 861 2644 pulchriusne
886 2570 923 2628 sit
943 2565 1018 2628 istud
1039 2566 1116 2645 quod

112 2660 268 2729 praeeunte
282 2650 377 2728 nullo,
392 2669 427 2710 an
442 2650 498 2710 hoc
514 2650 590 2728 qnod
604 2649 660 2712 alio
676 2660 830 2729 praeeunte
846 2653 952 2711 iurasti.
972 2649 1004 2710 ln
1015 2651 1114 2709 rostris
1126 2642 1171 2708 65

112 2749 227 2813 quoque
248 2735 330 2795 simili
351 2733 492 2812 religione
513 2736 577 2812 ipse
597 2744 626 2794 te
648 2733 764 2812 legibus
794 2734 957 2810 subiecisti,
990 2732 1115 2810 legibus,

66 2815 236 2896 30066666,
260 2837 329 2898 6666
349 2835 432 2878 nemo
448 2818 570 2898 principi
584 2820 709 2897 scripsit.
736 2817 794 2878 Sed
809 2826 837 2878 tu
854 2817 921 2878 nihil
938 2816 1058 2894 amplius
1073 2817 1116 2876 vis

110 2901 161 2960 tihi
176 2901 265 2963 licere
283 2921 364 2980 quam
378 2903 475 2962 nobis:
495 2903 539 2962 sic
559 2903 633 2964 litut
649 2919 702 2963 nos
717 2902 767 2962 tibi
781 2901 847 2979 plus
864 2901 995 2962 velimus.
1032 2899 1116 2974 Quod

111 3002 169 3062 ego
183 3003 258 3045 nunc
272 2987 392 3064 primum
407 2984 506 3061 audio,
521 3004 596 3046 nunc
612 2988 729 3064 primum
741 2985 838 3064 disco,
855 3003 911 3046 non
925 2995 969 3046 est
981 2985 1116 3064 princeps

110 3085 200 3144 super
213 3068 308 3147 leges,
326 3069 378 3130 666
392 3067 475 3147 leges
490 3088 579 3149 super
589 3072 762 3148 principem,
777 3069 909 3149 idemque
921 3068 1036 3130 Caesari
1049 3085 1116 3128 con·

110 3151 166 3211 6611
181 3153 258 3231 6666
274 3155 380 3214 ceteris
395 3170 452 3214 non
466 3152 544 3214 licet.
578 3153 653 3214 Iurat
668 3156 696 3213 in
710 3153 807 3231 legem
820 3152 1030 3214 attendentibus
1047 3150 1115 3218 diis;

68 3243 174 3297 66666
196 3237 241 3296 661
261 3239 350 3314 magis
372 3254 455 3314 quam
476 3234 592 3298 Caesari
616 3234 777 3298 attendant?
807 3239 877 3297 iurat
899 3236 1116 3297 observantibus

110 3320 145 3378 iis
158 3319 260 3398 quihus
275 3320 349 3380 idem
365 3320 508 3380 iurandum
524 3330 586 3397 est,
609 3338 666 3381 nou
681 3323 795 3399 ignarus
812 3318 917 3398 alioqui
932 3320 1035 3380 nemini
1050 3317 1116 3378 reli-

110 3403 220 3479 giosius
236 3403 312 3482 quod
326 3403 460 3464 iurauerit
476 3404 691 3466 custodiendum
704 3422 787 3483 quum
802 3406 881 3466 cuius
895 3405 1016 3464 maxime
1031 3405 1116 3462 inter·

111 3495 157 3546 est
176 3503 232 3546 non
253 3488 383 3565 peierari.
418 3484 518 3566 Itaque
539 3496 568 3548 et
583 3487 708 3549 abiturus
726 3487 874 3549 consulatu
891 3487 987 3548 iurasti
1003 3493 1033 3544 te
1047 3482 1118 3544 nihil
