2604 3972
345 279 608 343 EPISTULARUM
619 280 709 342 VIIII.
722 292 763 346 16.
777 291 821 347 17.
834 293 877 346 18.
888 293 931 346 19.
1085 280 1145 346 185

587 432 705 494 XVIIII.

428 545 454 597 0.
475 544 600 597 PLINIUS
619 545 737 598 RUSONI
754 547 814 598 SUO
834 545 861 600 S.

203 679 352 758 significas
369 680 479 759 legisse
496 692 525 744 te
540 683 568 741 in
587 681 705 762 quadam
724 682 846 764 epistula
861 701 923 744 mea
938 683 1057 745 iussisse
1072 682 1165 750 Ver-1

116 765 249 844 sginium
261 762 365 834 Rufum
380 765 496 844 inscribi
511 765 646 845 sepulcro
662 783 726 844 sno,

5 847 7 852 '
247 847 301 908 llic
316 849 386 910 situs
403 858 449 910 est
461 848 568 926 Rufus,
585 849 669 930 pulso
685 851 733 930 qui
746 849 865 912 Vindice
880 852 1020 932 quondam

287 933 434 1011 imperium
448 932 573 994 adseruit
586 951 643 994 uon
657 934 712 995 sibi
726 933 778 994 sed
792 937 908 1013 patriae.

139 1013 339 1094 Reprehendis
367 1017 443 1094 quod
470 1018 602 1096 iusserit,
632 1016 711 1078 addis
740 1020 824 1078 etiam
848 1017 951 1079 melius
979 1019 1145 1096 rectiusque

139 1095 320 1178 Frontinum,
337 1099 413 1179 quod
427 1103 550 1162 vetuerit
565 1103 678 1162 omniuo
693 1111 903 1163 monumentum
920 1103 975 1164 sihi
990 1101 1070 1179 heri,
1086 1119 1144 1162 me·

98 1198 133 1252 10
142 1201 197 1261 que
212 1181 246 1242 ad
262 1192 418 1244 extremum
433 1185 500 1264 quid
515 1183 550 1246 da
561 1194 684 1264 utroque
699 1187 818 1246 sentiam
833 1187 969 1246 consulis.
989 1184 1171 1264 Utrumquca

140 1266 245 1344 dilexi,
261 1268 375 1328 miratus
390 1285 452 1328 sum
467 1269 556 1346 magis
572 1287 656 1348 quem
672 1278 703 1328 tu
715 1268 919 1348 reprehendis,
937 1269 1031 1348 adque
1042 1271 1081 1328 ita
1094 1270 1144 1327 mi·

139 1360 217 1412 ratus
233 1360 263 1413 ut
285 1369 341 1412 uon
355 1359 482 1430 putarem
498 1354 566 1414 satis
586 1371 718 1432 umquam
738 1371 828 1433 posse
845 1352 952 1413 laudari
974 1354 1054 1412 ouius
1069 1370 1144 1411 nuno

139 1435 207 1495 mihi
222 1434 367 1495 subeunda
385 1434 515 1496 defensio
535 1445 588 1497 cst.
621 1434 726 1497 Omnes
748 1454 805 1514 ego
825 1437 872 1516 qui
894 1453 1025 1514 magnum
1038 1434 1169 1513 aliquids

140 1518 407 1599 memorandumque
423 1518 553 1580 lecerunt
568 1537 625 1579 non
644 1519 729 1581 modo
746 1521 830 1580 uenia
844 1538 944 1580 verum
961 1520 1044 1580 etiam
1061 1518 1144 1579 laude

98 1613 133 1666 15
142 1601 323 1680 dIgnissimos
338 1601 451 1680 iudico,
472 1603 497 1665 si
520 1603 754 1665 immortalitatem
780 1622 861 1683 quam
879 1622 1010 1664 meruere
1032 1611 1144 1663 sectan-

141 1695 186 1746 tur
200 1687 360 1764 victurique
374 1688 495 1748 nominis
510 1687 609 1746 lamam
625 1691 765 1768 supremIs
781 1689 864 1750 etlam
883 1687 972 1749 titulis
986 1703 1144 1767 prorogare

140 1771 272 1829 nituntur.
305 1768 369 1830 Nec
391 1768 476 1830 lacile
498 1788 666 1850 quemquam
687 1773 742 1833 nisi
756 1771 919 1850 Verginium
934 1773 1047 1832 invenio
1063 1771 1171 1830 cuius4

140 1854 259 1913 tantuin
277 1852 467 1933 praedicando
490 1855 663 1915 verecundia
678 1865 780 1935 quanta
795 1855 886 1932 gloria
904 1873 940 1915 en
955 1855 1042 1914 facto.
1075 1853 1169 1933 Ipse5

140 1955 203 1998 sum
218 1938 312 2015 testis,
328 1936 504 1998 familiariter
516 1937 551 1999 ab
567 1956 603 1998 eo
618 1938 740 1999 dilectus
755 1939 963 2018 probatusque,
979 1937 1070 1998 semel
1085 1954 1144 1996 om·

96 2021 207 2080 honino
222 2037 268 2080 me
281 2019 413 2081 audiente
427 2030 596 2100 provectum
612 2031 643 2082 ut
657 2022 693 2082 de
707 2023 794 2083 rebus
810 2024 868 2084 suis
885 2023 941 2082 hoo
955 2037 1040 2080 unum
1054 2020 1145 2080 reler-

138 2113 194 2179 ret,
209 2105 248 2165 ita
260 2122 358 2164 secum
373 2103 523 2185 aliquando
536 2103 667 2165 Cluvium
684 2105 809 2166 locutum
826 2107 908 2183 ‘scis,
925 2103 1054 2182 Vergini,
1072 2121 1145 2182 quac

139 2187 274 2249 historiae
291 2187 362 2247 lides
376 2187 530 2249 debeatur:
544 2188 664 2267 proiude
676 2191 701 2249 si
716 2189 782 2268 quid
799 2192 827 2248 in
843 2188 967 2248 historiis
982 2189 1053 2253 meis
1069 2187 1144 2264 legis

139 2270 222 2332 aliter
244 2289 277 2332 ac
296 2271 387 2349 velis,
418 2288 491 2350 rogo
514 2272 670 2350 ignoscas'.
704 2271 895 2332 nunecius
920 2275 999 2332 ‘tune
1018 2273 1144 2348 ignoras,

142 2351 236 2433 Gluvi,
253 2355 319 2415 ideo
334 2373 379 2414 me
394 2354 500 2416 fecisse
520 2355 597 2435 quod
611 2355 686 2433 feci,
701 2365 732 2417 ut
746 2366 826 2417 esset
839 2356 958 2416 liberum
973 2355 1057 2416 vohis
1074 2355 1144 2415 scri·

96 2445 131 2498 25
140 2439 211 2499 here
231 2456 303 2520 quae
318 2435 483 2500 libuisset'l
501 2439 567 2518 nge
582 2440 658 2518 dum,
676 2440 752 2500 huuc
767 2442 859 2520 ipsum
873 2439 1035 2500 FroutInum
1047 2440 1075 2499 in
1088 2437 1170 2497 hocd

139 2523 204 2601 ipso
222 2523 321 2601 inquo
339 2521 390 2593 tibi
405 2525 519 2602 parcior
531 2523 643 2585 videtur
657 2533 687 2584 et
708 2527 836 2604 pressior
851 2540 1055 2602 comparemus.
1088 2520 1145 2582 Ve-

140 2607 194 2667 tuit
209 2607 318 2668 exstrui
333 2607 548 2668 mommentum:
569 2607 622 2669 sed
637 2607 740 2685 quibus
758 2605 877 2669 verbis?
900 2608 1032 2685 ‘inpensa
1047 2622 1145 2664 monu-

140 2689 229 2749 menti
244 2707 422 2768 superuacua
437 2699 497 2752 est:
518 2693 653 2751 memoria
672 2693 762 2752 nostri
785 2691 910 2768 durabit,
927 2692 952 2750 si
966 2691 1024 2749 vita
1041 2689 1144 2747 merui·

140 2776 226 2833 mus'
257 2773 303 2834 An
317 2775 477 2835 restrictius
497 2775 640 2835 arbitraris
656 2792 709 2854 per
726 2774 825 2835 orbem
840 2784 976 2835 terrarum
992 2769 1145 2850 legendum
1184 2834 1187 2844 ,

96 2866 132 2920 ito
141 2855 208 2916 dare
222 2855 379 2918 duraturam
392 2859 555 2918 memoriam
570 2875 648 2918 suam
663 2876 745 2937 quarn
761 2875 816 2918 uno
832 2859 859 2917 in
873 2857 941 2916 loco
957 2855 1067 2916 duobus
1080 2873 1145 2915 ver·
1191 2909 1195 2914 .

140 2939 241 3001 siculis
257 2941 370 3018 signare
391 2940 470 3019 quod
491 2938 621 3002 feceris?
644 2941 816 3019 Quamquam
831 2956 888 3002 non
902 2939 995 3001 haheo
1010 2940 1169 3018 proposi-l

140 3033 199 3084 tum
213 3022 293 3084 illurn
305 3023 552 3102 reprehendendi,
574 3025 627 3085 sed
638 3024 717 3085 huuc
731 3025 844 3086 tuendi:
861 3025 942 3086 cuius
959 3041 1032 3101 quae
1046 3031 1145 3102 potest

140 3107 216 3187 apud
230 3116 260 3168 te
275 3109 376 3167 iustior
392 3125 458 3170 esse
481 3107 629 3186 delensIo,
651 3126 733 3187 quarn
750 3126 787 3169 en
805 3107 966 3170 conlatione
981 3108 1044 3168 eius
1060 3121 1144 3184 quem

140 3189 322 3272 praetulisti'l
352 3189 419 3252 dieo
442 3191 556 3272 quidem
576 3193 680 3254 iudicio
704 3200 807 3252 neuter
827 3190 998 3270 culpandus,
1026 3198 1171 3267 quorum&

96 3283 262 3354 stuterquc
276 3274 312 3335 ad
327 3273 447 3353 gloriam
462 3277 523 3353 pari
540 3275 709 3355 cupiditate,
730 3275 844 3336 diverso
864 3275 966 3335 itinere
987 3273 1145 3350 contendit,

140 3357 230 3436 alter,
254 3358 319 3418 dum
339 3361 451 3437 expetit
471 3358 584 3421 debitos
607 3359 722 3438 titulos,
743 3358 832 3437 alter,
854 3359 918 3418 dnm
933 3356 1039 3419 mavult
1054 3356 1146 3417 videri

142 3443 359 3521 contempsisse.
390 3442 472 3504 Vale.
