2604 3972
333 260 596 324 EPISTULARUM
608 261 700 324 VIIII.
721 273 748 327 8.
763 274 790 328 9.
805 276 849 329 10.
861 275 902 327 11.
915 276 958 328 12.
1086 266 1148 330 179

141 413 297 476 annotatio!
316 431 399 495 quam
414 416 475 494 pari
493 414 566 476 libra
581 417 706 495 gravitas
722 415 913 495 comitasque!
934 417 1010 497 quod
1025 417 1146 479 studium

139 497 309 559 litterarum!
332 497 408 578 quod
421 497 568 560 iuulioium!
590 517 645 579 qua
660 501 768 578 pietate
784 517 848 560 eum
862 499 1048 562 dissimillimo
1065 513 1146 581 patre

137 581 267 644 vivebat!
288 600 370 661 quam
383 599 439 643 aon
456 583 587 645 obstabat
603 583 645 644 illi
659 599 717 662 quo
732 585 823 644 minus
837 586 881 644 vir
896 587 1019 664 optimus
1033 586 1145 647 videre-

138 675 185 726 tur
211 665 368 745 quoderat
389 669 512 746 optimus
534 666 622 728 lilius!
648 666 708 728 Sed
729 668 796 746 quid
818 666 947 729 dolorem
966 677 1044 729 tuum
1066 669 1145 731 exul·

112 747 232 811 tuero?
254 748 426 829 Quamquam
440 753 483 812 aie
502 753 601 812 amasti
621 753 754 812 iuvenem
775 761 805 812 ut
823 752 879 812 boe
894 754 991 831 pullus
1008 771 1093 833 quam
1110 752 1173 819 det

139 832 191 894 illo
208 832 288 895 sileri
301 834 389 905 velis3
414 853 432 896 a
453 852 499 896 me
517 837 704 915 praesertim,
726 837 806 895 euius
829 836 1040 916 praedieatione
1062 846 1145 917 putas

138 919 224 980 vitam
237 919 299 978 eius
316 920 426 998 ornari,
454 921 618 980 memoriam
638 920 805 1000 prorogari,
829 922 978 1000 ipsamque
994 921 1069 982 illam
1090 939 1145 1000 qua

139 1011 185 1063 est
197 1011 294 1082 raptus
307 1011 429 1064 aetatem
441 1020 531 1083 posse
543 1005 665 1064 restitui.
698 1003 780 1064 Vale.

624 1135 662 1198 x.

425 1236 452 1288 c.
472 1236 598 1289 rumms
617 1235 733 1287 uacum
751 1236 811 1288 sum
831 1235 857 1290 S.

203 1334 295 1415 Cupio
318 1339 483 1417 praeceptis
504 1340 559 1400 tuis
580 1355 698 1418 parere;
719 1337 773 1400 seul
787 1355 919 1417 aprorum
932 1348 1009 1399 tanta
1024 1341 1169 1418 penuria1

138 1431 185 1483 est
201 1430 232 1480 ut
245 1419 391 1482 Minervae
410 1431 439 1482 et
452 1420 576 1497 Dianae,
602 1439 672 1500 quas
689 1423 732 1482 ais
747 1424 854 1501 pariter
868 1422 1022 1500 colendas,
1037 1440 1143 1484 eonve-

136 1508 199 1566 nire
213 1523 271 1566 nou
283 1507 387 1585 possit.
418 1502 519 1585 ltaque
536 1503 683 1566 blinervae
696 1513 805 1566 tantum
819 1505 999 1568 semleudum
1015 1515 1077 1585 est,
1093 1506 1169 1574 dea

95 1589 225 1657 151ieate
239 1599 350 1667 tamen,
370 1598 402 1649 ut
418 1590 447 1648 ln
461 1607 582 1651 secessu
597 1598 627 1650 et
639 1597 758 1650 aestate.
786 1589 819 1651 In
834 1590 881 1650 via
896 1589 981 1670 plane
997 1589 1144 1652 nonnulla

137 1673 246 1734 leviora
262 1674 412 1753 statimque
428 1672 549 1734 delenda
564 1691 599 1734 ea
619 1672 785 1752 garrulitate
806 1692 861 1754 qua
881 1691 1029 1736 sermones
1048 1675 1077 1734 in
1093 1692 1144 1735 ve·

23 1765 25 1768 ·
136 1757 234 1818 bieulo
261 1766 394 1818 semntur
414 1756 538 1818 extendi.
577 1756 628 1819 llis
656 1757 792 1837 quaedam
814 1758 906 1820 addidi
925 1760 953 1820 in
973 1757 1056 1836 uilla,
1080 1775 1144 1818 oum

137 1839 213 1902 aliud
226 1858 283 1901 non
297 1839 410 1902 liberat.
434 1839 534 1920 ltaque
547 1847 681 1921 poemata
697 1843 857 1921 quieseunt,
874 1861 947 1922 quae
962 1851 992 1903 tu
1006 1845 1079 1903 inter
1092 1860 1143 1902 ne·

138 1943 218 1986 mora
235 1934 264 1986 et
277 1924 359 1986 luaos
375 1925 605 2001 eommodissime
615 1926 716 2004 periei
726 1935 817 2005 putas.
840 1925 1049 1988 Oratiunoulam
1060 1937 1169 1990 unauna

94 2027 130 2081 bb
138 2007 254 2070 alteram
267 2011 432 2079 retraetari3
458 2027 625 2090 quamquam
638 2006 668 2067 id
681 2027 773 2086 genus
791 2012 888 2091 operis
901 2010 1067 2089 inamabile,
1085 2011 1143 2070 ina-

138 2111 270 2155 moenum
289 2095 437 2172 magisque
460 2093 606 2154 laboribus
625 2093 698 2153 mris
721 2110 804 2172 quam
823 2093 1017 2171 voluptatibus
1039 2092 1148 2154 simile·

137 2176 219 2238 Vale.

96 1192 131 1244 10

93 2439 129 2494 25
425 2409 452 2460 U.
469 2408 595 2461 PLINIUS
614 2309 735 2461 UUMINO
752 2408 812 2460 SUO
830 2406 858 2462 S.

199 2501 358 2587 Epistulam
377 2517 455 2569 tuam
475 2510 703 2573 iucundissimam
723 2511 843 2588 accepi,
862 2526 899 2570 ao
912 2510 1049 2586 maxime,
1067 2508 1144 2588 quod
1153 2526 1168 2578 1

136 2592 246 2671 aliquid
264 2592 299 2653 ad
316 2601 346 2653 te
364 2594 451 2654 seribi
469 2592 590 2656 volebas
609 2594 686 2674 quod
705 2593 785 2654 libris
801 2594 889 2654 inseri
903 2603 1015 2672 posset.
1047 2591 1143 2654 Obve-

136 2678 197 2738 niet
210 2677 337 2754 materia‚
352 2675 400 2739 vel
416 2676 488 2737 haee
500 2678 563 2757 ipsa
577 2695 660 2756 ιιιιι
671 2685 811 2739 monstras
822 2675 871 2735 rel
881 2677 977 2756 potior
986 2676 1049 2737 alia.
1072 2675 1143 2736 Sunt

138 2762 214 2820 enim
227 2763 256 2820 in
270 2761 324 2822 bae
338 2760 510 2833 omonimum
522 2761 672 2822 nonnulla:
695 2759 850 2822 eiroumfer
864 2758 977 2838 oeulos,
996 2770 1027 2820 et
1040 2776 1143 2819 oeeur·

94 2853 210 2917 sorent.
234 2843 410 2924 Bibliopolas
425 2842 553 2923 Lugduni
565 2862 632 2906 asse
646 2860 704 2905 non
718 2843 861 2924 putabam,
872 2861 908 2904 ao
917 2851 995 2904 tauto
1007 2843 1169 2910 libentiusb

137 2945 175 2989 ex
189 2928 292 2990 litteris
307 2931 363 2990 tuis
378 2931 501 3007 eognovi
516 2928 654 2991 venditari
664 2927 781 2990 libellos
793 2945 885 3006 meos,
904 2927 1006 3006 quibus
1017 2945 1143 3008 peregre

137 3029 253 3076 manere
273 3016 390 3090 gratiam
411 3029 494 3093 quam
519 3015 548 3073 in
573 3012 643 3074 urbe
666 3013 838 3091 collegerint
860 3010 999 3073 deleatur.
1032 3011 1143 3092 Inoipio

138 3099 214 3158 enim
228 3099 296 3158 ratis
310 3096 470 3159 absolutum
485 3097 656 3175 existimare,
670 3097 707 3158 de
718 3114 775 3176 quo
786 3105 862 3158 tanta
873 3094 1036 3158 diversitate
1047 3097 1143 3174 regio·

136 3197 204 3241 num
219 3181 342 3244 discreta
355 3181 497 3242 bominum
511 3180 614 3242 iudicia
630 3183 820 3264 consentiunt.
848 3179 931 3241 Vale.

94 3275 129 3330 ³⁰
606 3315 671 3376 ιιι.

424 3415 452 3470 U.
473 3414 599 3467 PLINIUS
615 3414 736 3466 IUNIORI
752 3412 812 3465 SUO
834 3413 862 3466 S.

204 3515 367 3598 castigabat
390 3516 502 3597 quidam
524 3516 610 3577 lilium
627 3534 725 3594 auum,
751 3514 828 3596 quod
845 3513 1167 3660 paulq2spmpmosiust
