2580 3970
164 246 227 313 262
601 242 633 305 (i.
656 239 753 306 l’Lllll

165 407 285 480 quantae
298 397 489 475 benignitatis,
506 397 601 475 quanti
616 397 732 476 spiritus
747 395 832 456 fuerit
845 403 961 475 'sparsas
977 405 1072 475 atque,
1085 405 1117 457 ut
1131 396 1178 458 ita

165 481 272 560 dicam,
293 480 403 543 laceras
423 479 598 559 gentilitates
620 479 759 559 colligere
774 488 859 558 atque
874 488 1029 540 conectere
1044 487 1074 539 et
1089 483 1177 558 qmsi

165 566 279 626 renasci
299 565 414 634 iubere:
441 564 554 625 deterre
577 562 653 641 quod
673 563 846 642 negabatur,
873 571 959 643 atque
980 562 1008 623 id
1021 569 1172 642 praestare
1283 593 1284 596 ¹

167 650 278 712 curretis
293 648 370 728 quod
384 665 474 728 saepe
489 646 594 725 singuli
613 664 670 708 non
690 650 894 726 inpetrassent:
915 655 1061 726 postremo
1077 649 1173 726 ipsum

166 734 220 794 sibi
236 733 349 811 eripere
364 741 406 792 tot
419 733 623 793 beneficiorum
639 731 825 808 occasiones,
840 739 896 790 tam
909 747 1090 790 numerosam
1098 730 1199 790 obli-5

166 816 250 896 gandi
265 815 465 895 inputandiquc
482 816 636 876 materiem.
657 813 804 893 Indignum
818 813 906 876 credo
922 815 950 874 ei
966 815 1057 876 visum
1072 815 1108 874 ab
1119 814 1173 874 hc·

165 903 241 961 mine
258 902 317 978 peti
333 897 408 978 quod
424 898 462 960 dii
477 896 632 960 dedissent.
656 898 744 960 Soror
757 898 828 958 estis
838 906 868 959 et
878 897 983 975 irater,
999 915 1068 958 auus
1079 906 1109 958 et
1120 917 1173 958 ne·

165 993 268 1065 potes:
284 982 351 1063 qnid
366 992 411 1044 est
426 1000 497 1060 ergo
513 1001 564 1044 cur
578 983 689 1061 rogetis
703 991 733 1042 ut
747 977 831 1044 sitis?
858 981 941 1042 vobis
958 983 1038 1043 estis.
1074 978 1172 1054 Quid?

167 1086 220 1149 pro
241 1076 338 1129 cetera
359 1085 410 1127 sua
427 1066 619 1128 moderatione
640 1067 804 1127 conminus
823 1065 991 1126 invidiosum
1004 1073 1084 1144 putat
1101 1063 1171 1126 dare

166 1151 353 1212 hereditatem
367 1168 450 1229 quam
463 1151 586 1212 auferre.
606 1149 684 1212 Laeti
699 1167 770 1228 ergo
784 1148 859 1210 adite
870 1148 1005 1224 honores,
1024 1148 1171 1227 capessite
1182 1150 1218 1202 10

170 1237 325 1296 civitatem:
340 1235 481 1296 neminem
494 1234 551 1294 hoe
561 1231 780 1296 necessitudinis
791 1233 939 1311 abruptum
950 1231 1029 1293 velut
1040 1242 1173 1293 truncum

167 1327 393 1398 amputetumque
409 1315 559 1380 destituet:
585 1316 676 1380 isdem
691 1333 788 1378 omnes
804 1315 906 1394 quibus
917 1325 981 1378 ante
992 1316 1172 1396 pignoribus,

169 1401 221 1464 scd
240 1402 421 1464 honestiores
442 1400 633 1479 perfruentur.
665 1401 711 1462 hc
732 1419 770 1460 ne
790 1408 916 1462 remotus
932 1399 1045 1479 quidem
1059 1401 1173 1478 iamque

169 1485 327 1546 deliciantis
351 1484 501 1546 adfinitatis
523 1485 643 1563 gratim,
667 1483 825 1564 aqualibet
839 1486 993 1564 quantitate
1006 1484 1172 1544 vicesimam

167 1567 275 1628 inferre
296 1577 426 1645 cogetur.
459 1568 561 1630 Statuit
576 1571 649 1630 enim
671 1568 824 1649 communis
839 1570 961 1628 omnium
976 1585 1078 1647 parens
1095 1572 1217 1628 sum-15

118 1647 242 1712 40mam
259 1668 332 1729 quae
353 1649 532 1728 publicanum
552 1655 610 1730 pati
630 1653 732 1731 possit.
770 1649 886 1712 (iarebit
906 1669 994 1712 onere
1015 1651 1172 1711 vicesimae
1283 1663 1284 1730 ᾗ

169 1753 257 1813 parva
273 1743 302 1796 et
317 1734 399 1794 exilis
415 1734 575 1814 hereditas,
589 1745 619 1797 ct
633 1737 657 1796 si
670 1737 709 1797 ita
727 1745 825 1813 gratus
840 1735 926 1797 heres
941 1735 1036 1812 volet,
1051 1743 1110 1794 tota
1122 1751 1173 1795 se·
1283 1763 1284 1800 3

168 1818 288 1899 pulcro,
302 1827 361 1879 tota
375 1819 467 1880 funeri
479 1820 596 1880 serviet.
618 1818 709 1880 Nemo
724 1820 906 1896 observatur,
922 1834 1006 1880 nemo
1019 1819 1175 1895 oashgutcr
1283 1835 1284 1868 ³

169 1901 298 1964 adsistet.
320 1899 496 1981 Cuicumque
511 1902 622 1964 modica
635 1905 757 1982 pecunia
772 1921 809 1964 ex
819 1902 976 1964 hereditate
988 1901 1107 1963 alicuius
1119 1901 1173 1961 cb·
1283 1873 1284 1964 l

168 1987 297 2064 venerit,
319 2003 439 2048 securus
454 1987 555 2048 habeat
574 1988 746 2067 quietusque
760 1986 915 2066 possideat.
946 1986 989 2046 Ea
1002 1984 1052 2047 lex
1064 1987 1217 2046 viceni-ac
1283 2005 1284 2034 t

168 2088 232 2130 mae
251 2069 325 2132 dicta
344 2079 389 2131 est
409 2079 440 2132 ut
457 2070 493 2132 ad
516 2069 674 2149 periculum
691 2073 752 2131 eius
767 2072 911 2148 perveniri
927 2070 981 2130 nisi
996 2070 1099 2148 opibus
1115 2086 1174 2129 non

169 2153 272 2233 possit.
294 2151 442 2216 Conversa
456 2163 501 2215 est
515 2155 647 2233 iniquitas
663 2156 691 2215 in
707 2153 941 2231 gratulationem,
963 2155 1062 2214 iniuria
1075 2155 1104 2212 in
1118 2170 1174 2213 vc·
1283 2179 1284 2186 ¹

169 2247 242 2298 tum:
268 2245 347 2316 optat
364 2236 450 2298 lucres
476 2247 507 2298 ut
527 2238 691 2299 vicesimam
708 2237 818 2299 debeat.
857 2236 991 2297 Additum
1011 2244 1103 2298 estut
1124 2237 1174 2314 qui

170 2319 308 2382 eiusmodi
329 2339 366 2382 ex
386 2323 479 2383 censis
499 2323 529 2380 in
548 2321 622 2382 diem
638 2321 725 2382 edicti
739 2321 903 2382 vicesimam
917 2321 1073 2397 deberent,
1101 2337 1174 2379 non·

170 2405 235 2463 dum
249 2412 342 2465 tumen
356 2402 533 2482 intulissent,
559 2422 617 2464 non
631 2404 789 2465 inferrent‘
811 2403 851 2465 a:
865 2405 894 2464 iu
907 2405 1091 2484 praeteritum
1104 2403 1214 2464 sub-25
1283 2471 1284 2480 χ

170 2487 318 2546 venirene
336 2485 374 2545 dii
388 2484 501 2565 quidem
517 2495 652 2565 possunt:
667 2496 806 2550 tutamen
822 2488 997 2566 subvenisti,
1014 2488 1173 2566 cavbtique
1283 2487 1284 2514 ¹

169 2579 201 2630 ut
214 2569 359 2630 desineret
374 2571 496 2649 quisque
511 2569 619 2633 debere
631 2571 709 2650 quod
723 2593 783 2636 non
798 2581 880 2634 esset
895 2581 997 2650 postea
1012 2571 1172 2646 debiturus,

169 2653 198 2714 id
213 2662 259 2716 est
273 2652 397 2714 ellecisti
412 2672 449 2714 ne
463 2653 552 2717 melos
567 2657 713 2734 principes
728 2656 934 2718 habuissemus.
964 2654 1029 2730 Quo
1043 2656 1172 2732 ingenio,

170 2740 195 2800 si
212 2746 310 2800 natura
323 2747 485 2816 pateretur,
508 2755 591 2817 quam
604 2738 728 2801 libenter
741 2749 784 2800 tot
798 2739 944 2818 spoliatis,
967 2747 1010 2799 tot
1025 2738 1173 2800 trucidetis
1283 2813 1284 2820 ἵ

170 2823 334 2900 sanguinem
349 2831 378 2882 et
393 2822 467 2882 bona
481 2820 654 2884 refudisses!
674 2822 891 2901 Vetuistiexigi
905 2821 983 2901 qued
999 2819 1100 2882 deberi
1115 2830 1214 2885 nouat
1283 2823 1284 2880 l

169 2915 218 2966 tuo
233 2902 351 2968 saeculo
367 2915 513 2984 coeperat.
537 2905 619 2968 Alius
634 2915 665 2966 ut
679 2907 891 2974 contumacibus
902 2907 1075 2968 irasceretur
1088 2904 1173 2966 tardi·
1283 2917 1284 2988 l

168 2997 312 3068 tutamque
327 2985 459 3049 solvendi
474 2987 552 3069 dupli
566 2990 614 3051 vel
627 3000 657 3051 et
669 2988 818 3071 quadrupli
834 2991 1009 3069 inrogatione
1022 2987 1173 3050 multaret:

168 3081 198 3133 tu
213 3069 281 3132 nibil
295 3070 406 3132 referre
422 3073 574 3153 iniquitatis
594 3076 753 3152 existimas,
780 3075 879 3152 erigas
897 3073 974 3154 quod
995 3073 1095 3134 deberi
1115 3091 1174 3134 non

117 3159 157 3223 41
170 3156 344 3233 oportuerit,
360 3174 395 3217 an
411 3160 567 3219 constituas
582 3168 612 3218 ut
627 3155 785 3219 debeatur?
813 3157 919 3237 Feres,
936 3156 1059 3235 Caesar,
1076 3175 1174 3218 curam

169 3247 199 3298 et
217 3237 437 3300 sollicitudinem
459 3240 646 3302 consulerem.
681 3240 752 3302 Nam
771 3242 838 3302 mihi
854 3244 990 3321 cogitanti
1005 3240 1128 3302 eundem
1142 3248 1213 3304 teat

169 3320 338 3383 collationes
354 3324 518 3402 remisisse,
534 3324 694 3385 donativum
706 3325 883 3404 reddidisse,
901 3327 1074 3404 congiarium
1091 3325 1174 3386 obtu-

167 3405 253 3486 lisse,
270 3403 413 3468 delatores
431 3406 584 3485 abegisse,
608 3403 761 3486 vectigalia
775 3419 971 3490 temperasse,
993 3411 1174 3488 interrogan-

168 3489 221 3552 dus
235 3487 341 3552 rideris
356 3491 677 3571 satisneconputareris
692 3495 802 3572 imperii
817 3493 935 3556 reditus.
962 3493 1008 3556 hu
1023 3501 1116 3554 tentas
1131 3493 1174 3552 vi·
