2604 3972
339 285 603 350 EPISTULARUM
617 288 709 351 vt111.
729 300 774 354 34.
788 301 833 355 35.
849 302 893 356 36.
1068 296 1129 360 195

121 446 253 515 tempore
270 440 515 518 occupatissimus.
554 440 623 501 Ideo
638 439 762 501 nondum
775 459 840 502 eum
850 443 926 522 legi,
946 464 1009 506 eum
1025 448 1130 529 alioqui

121 519 296 582 validissime
323 525 449 602 cupiam:
477 523 530 586 sed
557 541 618 586 eam
638 528 828 586 reverentiam
851 545 914 588 cum
934 529 1037 593 litteris
1058 534 1129 611 ipsis

120 615 181 666 tum
200 607 316 685 scriptis
338 609 393 666 tuis
415 606 509 669 debeo
531 618 561 669 ut
576 625 689 670 sumere
711 608 759 671 illa
773 611 827 671 nisi
842 629 933 673 vacuo
948 615 1041 676 animo
1056 617 1130 678 inre·

121 688 255 767 ligiosum
276 698 381 767 putem.
420 690 603 771 Diligentiam
628 701 703 752 tuam
728 694 966 758 inretractandis
994 693 1156 778 operibusa
1265 701 1267 706 ’

92 772 205 833 tvalde
223 773 325 850 probo.
357 773 411 834 Est
431 785 525 835 tamen
539 775 642 855 aliquis
654 775 772 855 modus,
793 780 929 858 primum,
956 781 1032 860 quod
1047 785 1130 844 nimia

121 874 189 916 cura
206 856 309 916 deterit
325 860 416 936 magis
432 877 514 937 quam
529 859 673 929 emendat;
695 859 815 940 danda,
838 864 914 942 quod
929 881 982 926 nos
998 884 1014 926 a
1028 884 1129 926 reeen-

119 940 239 1000 tioribus
257 951 378 1002 revocat
393 943 535 1023 simulque
555 961 610 1004 nee
629 943 754 1004 absolvit
774 947 869 1025 priora
884 957 913 1007 et
927 948 1061 1010 inchoare
1077 968 1129 1029 po-

119 1025 240 1084 steriora
254 1039 311 1084 non
325 1027 442 1105 patitur.
478 1025 560 1088 Vale.

74 1199 110 1251 ,⁰
567 1159 697 1221 XXXVI.

417 1255 444 1309 0.
463 1255 588 1308 PLINIUS
605 1255 705 1308 FUSUO
726 1257 785 1310 SUO
805 1258 831 1312 S.
1138 1200 1202 1323 *b

185 1354 305 1429 Quaeris
326 1356 561 1435 quemadmodum
580 1359 608 1417 in
628 1355 729 1422 'luscis
751 1360 825 1420 diem
845 1370 953 1422 aestate
974 1361 1156 1443 disponam.1

120 1437 237 1517 Evigilo
258 1457 321 1500 cum
340 1439 438 1520 libuit,
463 1440 632 1521 plerumque
655 1443 730 1506 circa
756 1443 853 1505 horam
878 1446 1010 1525 primam,
1039 1465 1129 1527 saepe

119 1533 198 1602 ante,
216 1523 322 1584 tardius
338 1542 416 1585 raro:
434 1522 548 1586 clausae
564 1524 709 1587 fenestrae
724 1537 845 1588 manent.
866 1526 938 1589 blire
955 1532 1030 1591 enim
1044 1531 1155 1598 silan-a

74 1609 159 1668 15rio
176 1617 205 1667 et
221 1607 348 1670 tenebris
365 1608 451 1668 abiis
473 1627 545 1688 quae
562 1620 683 1673 avocant
703 1611 858 1688 abductus,
882 1622 911 1672 et
930 1611 1005 1673 liber
1020 1615 1130 1676 etmihi

117 1691 256 1770 relictus,
272 1708 328 1752 non
343 1691 444 1753 oeulos
462 1694 554 1753 animo
574 1693 627 1754 sed
641 1697 761 1755 animum
776 1695 867 1757 oculis
881 1714 1004 1776 sequor,
1021 1700 1068 1777 qui
1080 1717 1129 1759 ea-

119 1775 185 1835 dem
202 1793 273 1854 quae
287 1791 368 1836 mens
383 1775 496 1854 vident,
522 1779 654 1856 quotiens
677 1797 734 1838 non
753 1779 850 1840 vident
870 1779 932 1840 alia.
964 1777 1087 1860 Cogito,
1104 1784 1129 1843 si

119 1857 189 1938 quid
203 1860 231 1919 in
245 1859 389 1938 manibus,
410 1863 505 1938 cogito
520 1860 555 1921 ad
569 1861 688 1922 verbum
702 1863 839 1924 scribenti
857 1863 1074 1945 emendantique
1091 1865 1130 1926 si·

117 1943 212 2020 milis,¹
221 1960 297 2003 nunc
312 1945 446 2021 pauciora
459 1962 535 2004 nunc
548 1943 640 2024 plura,
657 1954 688 2006 ut
701 1945 750 2006 vel
761 1946 878 2006 difficile
888 1946 937 2006 vel
951 1947 1038 2008 facile
1052 1965 1129 2011 com·

71 2041 109 2096 ao
120 2028 189 2106 poni
204 2028 334 2088 tenerive
355 2036 519 2106 potuerunt.
553 2025 700 2087 Notarium
715 2046 791 2089 voco
808 2038 837 2088 et
853 2029 900 2089 die
915 2028 1038 2091 admisso
1054 2049 1128 2110 quae

117 2111 305 2171 formaveram
320 2108 412 2171 dicto:
435 2110 492 2171 abit
507 2129 665 2190 rursusque
679 2122 831 2173 revocatur
844 2130 1000 2192 rursusque
1017 2113 1128 2174 dimitti-

116 2205 170 2256 tur.
193 2192 249 2254 Ubi
271 2194 343 2254 hora
366 2203 464 2276 quarta
486 2193 534 2254 vel
556 2195 651 2276 quinta
673 2196 873 2275 (nequeenim
892 2205 1001 2257 certum
1021 2195 1153 2265 dinen-3

116 2296 237 2359 sumque
252 2277 396 2358 tempus),
413 2287 444 2338 ut
458 2277 519 2338 dies
534 2279 639 2356 suasit,
662 2279 690 2339 in
704 2288 818 2356 xystum
831 2298 878 2340 me
894 2278 943 2340 vel
958 2291 1128 2364 cryptopor-

115 2365 204 2424 ticum
219 2361 356 2440 coniero,
380 2359 491 2442 reliqua
505 2361 625 2423 meditor
642 2371 671 2423 et
686 2362 772 2424 dicto.
804 2362 976 2424 Vehiculum
991 2364 1127 2426 ascendo.

70 2446 161 2513 balbi
176 2463 290 2527 quoque
303 2446 379 2506 idem
397 2445 472 2527 quod
487 2445 633 2507 ambulans
644 2456 691 2508 aut
702 2449 811 2508 iacens.
833 2447 923 2508 Durat
937 2449 1056 2512 intentio
1068 2466 1127 2508 mu-

116 2532 223 2593 tatione
239 2532 302 2609 ipsa
318 2530 445 2591 reiecta:
468 2530 584 2609 paulum
596 2529 749 2608 redormio,
766 2531 831 2592 dein
843 2531 968 2610 ambulo,
984 2551 1051 2593 mox
1066 2550 1127 2593 ora-

115 2617 224 2674 tionem
247 2611 383 2674 Graecam
407 2613 568 2674 Latinamve
591 2613 669 2678 clara
691 2623 721 2673 et
741 2617 867 2692 intente,
891 2632 948 2675 non
968 2624 1024 2676 tam
1045 2617 1126 2678 vocis

117 2715 204 2760 causa
219 2715 301 2776 quam
316 2696 455 2758 stomachi
470 2696 553 2776 lego:
570 2699 678 2775 pariter
688 2707 781 2757 tamen
796 2707 825 2759 et
840 2697 888 2758 illa
907 2698 1039 2759 firmatur.
1069 2697 1126 2758 lte·

115 2801 178 2841 rum
192 2780 321 2857 ambulo,
343 2797 452 2859 ungor,
477 2797 635 2859 exerceor,
657 2780 745 2842 lavor.
782 2778 900 2841 Cenanti
913 2781 996 2858 mihi,
1019 2782 1044 2841 si
1063 2795 1153 2848 eum4

72 2876 108 2932 30
118 2881 211 2928 uxore
225 2862 273 2924 vel
290 2867 401 2944 paucis,
416 2864 491 2925 liber
505 2864 624 2942 legitur:
639 2874 705 2944 post
721 2881 819 2926 cenam
829 2863 986 2925 comoedus
998 2873 1045 2925 aut
1058 2864 1126 2940 ipri-

115 2960 193 3012 stes:
214 2966 282 3010 mox
303 2967 367 3010 oum
381 2951 453 3010 meis
469 2948 602 3027 ambulo,
626 2963 745 3027 quornm
759 2950 787 3010 in
801 2964 917 3010 numero
933 2957 999 3010 sunt
1013 2948 1125 3009 eruditi.

116 3035 160 3098 Ita
173 3035 259 3098 variis
275 3033 454 3096 sermonibus
466 3049 589 3110 vespera
603 3032 774 3110 extenditur,
789 3041 819 3093 et
833 3050 1000 3112 quamquam
1018 3031 1125 3111 longis·

115 3121 208 3182 simus
229 3115 292 3180 dics
314 3118 371 3180 cito
387 3117 525 3178 conditur.
559 3115 623 3177 Non
636 3134 787 3196 numquam
798 3134 835 3178 ex
850 3117 906 3178 boc
918 3115 1017 3177 ordine
1032 3115 1150 3194 aliquas

115 3211 266 3263 mutantur.
286 3199 358 3262 Nam
373 3203 397 3262 si
413 3200 460 3261 diu
474 3202 548 3262 iacui
561 3200 610 3261 vel
623 3201 775 3278 ambulavi,
790 3209 857 3281 post
872 3216 1000 3262 somnum
1013 3199 1125 3260 demum
1183 3203 1299 3310 qm&

73 3295 108 3349 35
116 3286 330 3364 lectionemque
347 3302 404 3345 non
418 3285 551 3345 vehiculo
568 3284 636 3360 sed,
660 3284 736 3364 quod
750 3284 883 3363 brevius,
902 3285 968 3363 quia
980 3281 1124 3359 velocius,

118 3387 195 3450 equo
215 3377 326 3449 gestor.
359 3368 552 3429 Interveniunt
574 3368 656 3428 amici
671 3386 708 3428 ex
722 3369 858 3448 proximis
873 3367 987 3446 oppidis
1003 3375 1125 3444 partem-

118 3472 175 3533 que
193 3451 249 3514 diei
264 3451 300 3514 ad
314 3471 347 3514 se
361 3452 473 3513 trahunt
487 3452 683 3530 interdumque
696 3451 774 3514 lasso
788 3451 855 3511 milri
870 3460 1030 3531 opportuna
1039 3451 1123 3508 inter·

116 3536 274 3617 peUatione
286 3537 464 3598 subveniunt.
491 3535 590 3599 Venor
603 3534 771 3615 aliquando,
794 3535 847 3596 sed
860 3537 995 3678 noq3sqne
1005 3529 1151 3614 pugillo-6
