2604 3972
320 231 586 299 EPISTULARUM
599 237 689 300 VIIII.
701 247 745 303 3⁷.
757 249 801 305 ³8.
813 248 856 305 39.
868 249 913 304 to.
1064 241 1126 306 197

117 389 243 469 praediis
259 391 288 450 in
302 389 406 452 melius
423 399 453 450 et
469 391 497 450 in
511 391 617 468 maius,
636 400 719 452 vetus
735 409 804 452 sane
817 401 847 452 et
863 401 993 471 angusta,
1010 412 1073 453 eum
1088 396 1126 456 sit

117 473 224 553 alioqui
244 482 318 535 stato
347 473 393 534 die
415 474 655 554 frequentissima.
693 474 764 535 Nam
787 475 884 536 ldihus
906 475 1150 555 Septembribust

116 575 234 636 magnus
250 559 402 636 eregione
417 567 477 620 tota
492 560 552 618 uuit
562 558 699 638 populus,
714 558 819 619 multae
829 577 878 620 res
890 568 1021 638 agimtur,
1038 562 1125 624 multa

115 651 183 702 vota
196 643 400 722 suscipiuntur,
417 642 505 704 multu
517 642 682 721 redduntur,
698 642 751 705 sed
762 642 869 703 nullum
880 645 909 704 in
921 645 1052 722 proximo
1064 645 1124 706 sni·

89 726 227 804 elugium
241 735 289 787 aut
307 726 405 787 imbris
423 736 472 788 uut
488 726 569 788 solis.
597 727 706 787 Videor
726 745 797 805 ergo
814 727 945 788 munidee
958 728 1043 788 simul
1057 729 1151 794 reli-3

115 812 259 890 gioseque
279 810 423 889 lauturus,
452 813 478 872 si
497 810 598 872 aedem
617 829 699 892 quum
719 811 936 890 pulcherrimam
957 822 1122 890 extruxero,

115 893 252 955 addidero
267 895 395 974 porticus
411 895 490 973 aedi,
507 894 584 957 illam
598 895 633 955 ad
650 913 732 957 usum
747 894 836 974 dene,
854 895 906 958 has
920 897 955 956 ad
970 895 1122 957 hominum.

114 978 209 1040 Velim
224 997 295 1057 ergo
311 997 390 1045 emas
404 987 537 1059 quattuor
551 997 723 1041 marmoreas
740 979 904 1059 columnas,
920 981 1002 1042 euius
1018 981 1070 1041 tibi
1083 983 1124 1040 ri·

116 1063 229 1124 debitur
242 1066 369 1141 generis,
387 1080 465 1126 emas
475 1081 623 1142 mannorn,
642 1065 745 1144 quibus
759 1062 863 1143 solum,
882 1066 985 1144 quibus
997 1067 1124 1144 parietes

75 1157 108 1210 10
117 1145 292 1208 exsolantur.
314 1146 378 1207 ttrtt
392 1149 477 1207 etiam
493 1148 541 1208 rel
555 1147 715 1209 iaciendum
726 1148 774 1208 rel
787 1149 937 1209 emendum
948 1151 1041 1228 ipsius
1053 1149 1150 1213 deuel

116 1233 245 1309 signum,
272 1231 337 1310 quia
357 1233 501 1311 antiquum
520 1231 591 1292 illud
613 1251 631 1292 e
651 1231 731 1310 ligno
749 1232 916 1311 quibusdam
931 1234 975 1292 sui
995 1233 1123 1310 partibus

115 1324 260 1377 vetustate
279 1324 436 1375 truncatum
457 1325 511 1378 est.
546 1313 686 1389 Quantum
706 1315 741 1376 ad
764 1317 909 1395 porticus,
928 1315 998 1375 nihil
1014 1317 1150 1378 interimo

116 1401 243 1461 uueurrit
259 1399 335 1479 quod
352 1399 481 1460 rideatur
496 1401 580 1460 istinc
594 1418 662 1460 esse
682 1398 887 1479 repetendum
908 1400 963 1460 nisi
985 1408 1078 1460 tamen
1094 1409 1126 1458 ut

116 1483 234 1544 formum
253 1483 410 1545 seeundum
425 1485 563 1546 rationem
576 1483 635 1544 loni
651 1485 772 1545 scribas.
795 1482 898 1563 Neque
915 1484 990 1544 enim
1005 1491 1125 1562 possunt

75 1575 108 1629 15
117 1568 283 1628 eireumdari
298 1567 422 1647 templo;
440 1586 504 1628 uam
515 1567 608 1628 solum
622 1567 722 1647 templi
736 1566 802 1628 hine
816 1567 930 1627 flumine
942 1576 972 1628 et
982 1567 1125 1647 abruptis·

116 1653 197 1714 simis
212 1653 283 1732 ripis
303 1652 371 1712 hine
388 1653 434 1712 riu
452 1654 584 1731 cingitur.
618 1651 672 1713 Est
688 1651 762 1713 ultra
780 1653 856 1712 viam
876 1651 1046 1713 latissimum
1060 1659 1150 1730 pru-6

116 1745 191 1814 tum,
215 1739 244 1796 in
265 1753 323 1817 quo
343 1737 412 1797 satis
426 1746 494 1816 apte
509 1747 608 1798 eontra
622 1735 761 1815 templum
777 1738 871 1816 ipsum
887 1737 1017 1816 portione
1032 1734 1124 1814 expli·

117 1821 271 1892 uabuntur3
286 1822 341 1883 nisi
358 1820 425 1899 quid
439 1830 470 1881 tu
484 1821 586 1883 melius
601 1822 758 1897 inveneris,
775 1823 823 1899 qui
838 1820 918 1883 soles
930 1819 1061 1880 locurum
1072 1817 1124 1879 dil·

118 1905 259 1968 deultutes
275 1914 335 1966 arte
352 1923 497 1984 superare.
530 1905 612 1966 Vale.

76 1988 110 2044 20
566 2035 684 2098 XXXX·

415 2135 442 2185 G.
460 2135 585 2188 PLINIUS
603 2134 703 2187 l'USGO
722 2133 782 2186 SUO
802 2134 828 2185 S.

181 2236 290 2298 Scribis
311 2247 460 2317 pergratas
475 2237 526 2298 tihi
542 2236 634 2299 inisse
649 2237 760 2298 litteras
777 2253 873 2314 meas,
896 2235 999 2313 quibus
1017 2247 1151 2310 cogno-1

116 2321 184 2381 visti
201 2320 435 2399 quemadmodum
448 2323 476 2381 in
493 2319 595 2384 Tuscis
612 2322 699 2382 otium
713 2321 830 2383 aestatis
845 2321 1009 2398 exigerem:
1030 2319 1124 2397 requi·

74 2404 158 2467 nuris
179 2403 246 2484 quid
267 2406 380 2466 euhoe
399 2407 427 2465 in
448 2404 617 2467 laurentino
635 2405 730 2467 hieme
751 2412 920 2485 permutem.
950 2401 1044 2481 Nihil,
1070 2402 1150 2468 nisio

117 2488 195 2567 quod
217 2489 387 2551 meridianus
410 2505 527 2552 somnus
551 2492 682 2552 eximitur
703 2489 879 2570 multumque
902 2488 938 2549 de
963 2496 1050 2548 noete
1075 2485 1124 2545 vel

116 2581 182 2632 ante
197 2573 246 2635 vel
257 2582 325 2654 post
339 2574 414 2635 diem
427 2577 556 2654 sumitur,
569 2585 599 2637 et
613 2577 637 2637 si
649 2575 752 2653 agendi
763 2577 923 2636 necessitas
937 2573 1033 2648 instat,
1052 2586 1123 2648 quae

116 2654 255 2735 frequens
268 2657 373 2736 hieme,
388 2674 447 2719 non
462 2661 518 2720 ium
533 2659 674 2721 comoedo
690 2658 739 2718 vel
754 2658 873 2734 lyristae
888 2665 956 2736 post
971 2671 1069 2715 cenam
1080 2652 1124 2711 lo·

119 2757 183 2819 eus,
200 2741 254 2803 sed
268 2740 318 2802 illa
331 2759 404 2822 qnae
420 2742 523 2804 dietari
538 2742 690 2804 identidem
704 2750 903 2819 retraetuntur,
918 2757 952 2800 ae
968 2736 1052 2799 simul
1067 2753 1125 2795 me·

74 2826 109 2881 ³0
118 2826 227 2886 muriae
241 2825 386 2905 frequenti
401 2827 598 2888 emendatione
617 2827 774 2906 proficitur.
795 2825 890 2887 llabes
907 2831 1016 2884 assate
1031 2821 1152 2886 hiemes

109 2910 369 2971 ¹consuetudinem:
389 2929 464 2971 nuno
484 2911 569 2973 addas
590 2912 646 2973 huo
660 2910 731 2973 lieet
744 2929 798 2972 ver
811 2919 841 2971 et
855 2918 1030 2984 autumnum,
1052 2922 1125 2985 quae

117 2995 195 3056 iuter
207 2991 332 3057 hiemem
345 3003 540 3073 aestatemque
554 2996 661 3073 media,
682 3005 714 3056 ut
730 2994 799 3057 nihil
819 2993 856 3056 de
873 2994 920 3055 die
933 2992 1073 3074 perdunt,
1087 2989 1126 3048 ita

119 3076 156 3140 de
170 3087 257 3141 noete
272 3077 420 3158 pertulum
435 3078 593 3160 udquirunt.
624 3077 706 3140 Vale.
