2604 3972
347 253 608 316 EPISTULARUM
622 253 712 315 Vllll.
736 267 762 317 1.
777 266 803 317 2.
1030 253 1090 317 175

99 407 245 468 deformius
272 407 400 467 amittere
428 425 510 485 quam
534 425 591 468 nou
613 406 732 484 adsequi
753 406 874 466 laudem.
905 407 984 468 Haec
1004 407 1090 468 velim
1098 415 1132 468 10

99 490 204 568 credas,
220 489 295 567 quod
306 491 385 550 initio
400 489 466 567 dixi,
482 491 635 570 scripsisse
649 509 696 550 me
710 490 922 568 admonentem,
936 508 993 551 uon
1008 509 1089 570 prae·

98 573 257 653 cipicntem;
273 590 438 653 quamquam
452 576 675 654 praecipientem
691 591 816 653 quoque.
839 573 951 654 Quippe
968 592 1025 634 non
1040 594 1090 636 vc·

96 675 159 718 reor
172 659 199 717 iu
214 674 309 718 amore
325 675 361 717 ne
375 656 488 717 modum
509 657 696 719 excesserim.
727 656 829 736 Neque
846 659 919 718 enirn
932 657 1090 733 periculum

74 749 140 804 test
152 761 187 802 nc
202 743 239 802 sit
252 741 366 801 nimium
378 740 453 819 quod
465 760 532 802 esse
546 742 694 801 maximum
710 741 806 802 dehet.
836 741 917 802 Vale.

489 933 683 944 ...—-—----

58 1159 87 1215 10
307 1086 345 1168 c.
375 1087 485 1167 untur
515 1087 671 1168 crucum
699 1083 873 1167 sucuunr

204 1255 967 1370 nritrntnnttttii

468 1444 565 1500 LIBER
585 1442 710 1501 NONUS.

577 1604 600 1666 Ι.

305 1721 308 1727 -
362 1697 679 1756 c.rn1u1csunx1uo
698 1704 803 1758 scos

149 1821 245 1903 Saepe
269 1831 298 1884 te
320 1822 414 1881 monui
434 1830 465 1881 ut
479 1821 569 1884 libros
585 1839 657 1901 quos
670 1821 716 1882 vel
732 1839 785 1901 pro
801 1831 830 1882 tc
846 1821 892 1882 uel
909 1823 937 1882 in
954 1821 1114 1901 Plantam,1

92 1904 170 1966 immo
186 1917 216 1968 et
236 1923 292 1987 pro
304 1913 333 1966 to
350 1915 379 1968 ct
393 1907 422 1964 in
435 1904 514 1964 iilum
530 1905 583 1984 (ita
599 1907 673 1964 enim
686 1907 804 1966 materia
818 1905 957 1984 cogebat)
973 1923 1090 1984 compo-

54 1989 167 2054 aosusui
179 2008 266 2069 quam
280 1989 465 2049 maturissime
481 1990 641 2057 emitterem
657 1989 733 2067 quod
745 2007 820 2048 nunc
829 1990 986 2068 praecipue
998 1999 1090 2050 morte

90 2072 148 2134 eius
162 2073 258 2136 audita
277 2081 305 2134 ct
319 2071 419 2133 hortor
432 2081 462 2132 et
482 2088 594 2132 moneo.
627 2070 760 2144 Quamvis
781 2073 855 2132 euim
874 2071 982 2148 legeris
997 2072 1117 2137 multisn

89 2153 288 2238 legendosque
310 2155 435 2234 dederis,
450 2154 517 2214 nolo
532 2165 625 2215 tamen
640 2173 807 2234 quemquam
824 2157 932 2234 opinari
954 2154 1089 2217 defuncto

89 2237 196 2302 demum
213 2240 382 2318 inchoatos,
399 2256 471 2318 quos
491 2238 623 2299 incolomi
645 2255 681 2298 eo
699 2241 848 2318 peregisti.
882 2238 965 2299 Salva
987 2241 1024 2301 sit
1039 2240 1115 2306 tibia

91 2327 265 2387 constantiae
281 2323 360 2385 fama.
383 2322 445 2384 Erit
458 2332 561 2400 autem,
577 2323 601 2384 si
614 2332 711 2383 notum
721 2325 819 2403 aequis
831 2324 991 2403 iniquisque
1005 2323 1090 2385 fuerit

52 2410 142 2469 iinon
163 2420 232 2489 post
252 2408 359 2469 inimici
378 2416 499 2468 mortem
519 2407 662 2468 scribendi
679 2407 730 2468 tibi
749 2417 929 2469 natamesse
947 2407 1089 2487 fiduciam,

88 2492 138 2554 scd
150 2495 206 2554 iam
218 2501 348 2572 paratam
362 2491 514 2552 editionem
526 2501 618 2553 morte
631 2501 826 2570 praeventam:
848 2501 877 2551 et
888 2491 971 2552 simui
987 2492 1088 2552 vitabis

87 2573 152 2636 illud
166 2567 229 2656 οὐχ
241 2567 318 2654 ὁσίη
331 2572 558 2654 φθιμένοισιν.
586 2572 657 2633 Nam
672 2573 748 2653 quod
761 2574 798 2636 de
817 2577 932 2635 vivente
952 2576 1113 2654 scriptum4

89 2667 147 2737 est,
168 2662 197 2720 in
215 2660 382 2721 defunctum
397 2675 529 2737 quoque,
550 2667 690 2735 tamquam
704 2659 847 2719 viventem
863 2657 972 2735 adhuc,
985 2658 1088 2736 editur,

87 2742 110 2801 si
124 2743 218 2806 oditur
233 2743 338 2806 statim.
357 2741 456 2820 Igitur,
469 2740 572 2819 siquid
584 2740 659 2801 aliud
673 2742 700 2800 in
711 2741 849 2819 manibus,
866 2743 977 2801 interim
993 2741 1088 2802 differ:

52 2823 280 2908 sinoponus,
298 2825 374 2906 quod
387 2826 482 2903 nohis,
499 2827 547 2904 qui
562 2824 695 2902 legimus,
713 2824 779 2885 olim
793 2824 953 2886 absolutum
967 2825 1087 2885 videtur.

87 2907 142 2971 Sed
157 2913 212 2973 iam
223 2911 355 2972 uideatur
366 2919 396 2970 et
409 2908 471 2986 tihi,
488 2909 567 2970 cuius
580 2909 788 2970 cunctationem
803 2928 859 2969 nec
877 2926 926 2970 res
939 2909 1002 2988 ipsa
1014 2908 1088 2970 desi·

87 2991 163 3056 derat
174 3007 205 3058 et
215 2995 356 3075 temporis
368 2994 439 3054 ratio
453 2992 598 3070 praecidit.
621 2991 702 3053 Vade.

568 3125 604 3187 ΙΙ.

50 3249 80 3306 35
380 3227 407 3279 c.
424 3226 548 3277 surmus
564 3225 678 3277 suanno
695 3223 754 3276 suo
771 3223 797 3274 s,

145 3329 232 3394 Facis
259 3330 382 3392 iucunde
403 3328 479 3410 quod
497 3348 554 3390 non
574 3328 666 3392 solum
691 3329 825 3409 plurimas
853 3324 990 3406 epistrdas
1010 3337 1114 3392 mecsl

86 3429 184 3476 verum
200 3416 289 3477 etiam
301 3415 481 3494 longissimas
496 3414 619 3492 flagitas3
637 3414 665 3473 in
682 3413 782 3492 quibus
797 3409 974 3491 pascimini,
990 3411 1090 3489 partim

88 3498 151 3575 quia
171 3508 236 3562 tuas
253 3501 458 3580 occupationes
475 3497 613 3576 verebar,
636 3499 735 3576 partim
757 3497 820 3575 quia
839 3495 904 3573 ipsc
918 3493 1035 3554 multum
1049 3491 1089 3552 di-
