2604 3972
337 239 600 371 murcianum
610 288 739 342 m-ss.
754 280 920 359 [cn-cs]
1074 279 1137 344 alt

128 431 266 493 adductos
281 431 316 493 ad
335 448 380 491 me
398 433 426 491 iu
440 439 610 510 perpetuum
624 431 770 509 relegatus
784 449 801 491 a
818 430 890 492 lulio
905 432 997 494 anso
1011 451 1135 513 procon-

129 513 202 577 sule.
222 513 300 594 Ego,
315 517 380 594 quia
394 515 520 576 sciebam
535 523 598 575 acta
613 515 694 576 Bassi
709 517 834 576 rescissa
845 513 995 595 datumque
1008 534 1024 576 a
1036 527 1136 578 senatu

127 601 172 659 ius
182 599 310 659 omnibus
323 597 472 678 dequibus
485 597 535 658 ille
547 597 651 677 aliquId
664 598 859 660 constituisset
873 618 910 659 ex
923 601 1036 678 integro
1047 618 1134 678 agen-

129 682 168 760 di,
186 682 327 743 dumtaxat
340 700 395 761 per
407 682 566 759 biennium,
581 683 754 760 interrogavi
768 681 843 743 hunc
855 701 939 762 quem
953 683 1135 762 relegaverat

93 771 163 826 ban
178 765 286 827 addsset
304 765 509 844 docuissetque
524 765 742 845 proconsulem:
767 769 898 845 nepooit.
931 765 986 828 Per
1002 767 1078 846 quod
1089 767 1158 831 ebe

10 873 12 878 ·
129 848 236 910 lectum
257 857 347 910 estut
366 857 396 910 te
412 847 593 910 consulerem
612 848 786 910 reddendum
807 868 872 910 eum
885 868 998 930 poenae
1014 869 1083 912 suae
1098 869 1133 912 an

129 934 243 1010 marius
263 931 370 1011 ahquid
389 942 419 995 et
441 932 507 1012 quid
529 934 708 1012 potissimum
729 933 956 994 constituendum
970 944 1088 1015 putares
1104 945 1134 996 et
1202 990 1207 998 .

117 1018 158 1081 ,iu
171 1015 248 1078 bunc
264 1024 294 1077 et
307 1018 336 1076 iu
351 1031 419 1093 eos,
440 1017 465 1077 si
486 1017 534 1095 qui
553 1015 628 1078 forte
650 1018 678 1077 in
698 1016 782 1078 simili
797 1018 959 1079 conditione
972 1021 1133 1079 inveniren-

129 1109 184 1160 tur.
214 1099 370 1161 Decretum
390 1096 469 1160 Calvi
484 1108 514 1160 et
527 1099 670 1178 edictum,
691 1101 758 1161 item
773 1101 919 1162 decretum
933 1102 1014 1163 Bassi
1029 1102 1073 1163 his
1088 1103 1135 1170 lit-,

83 1185 121 1238 10
129 1185 198 1246 teris
213 1184 334 1246 subieci.

528 1281 614 1378 nvn.
629 1316 734 1396 [oxu]

465 1416 630 1467 TRAIANUS
646 1416 751 1467 PLINIO
771 1415 796 1467 S.

194 1513 268 1590 Quid
288 1518 317 1578 in
338 1534 461 1597 persona
480 1536 579 1581 eorum
600 1518 778 1580 statuendum
799 1520 853 1597 sit,
874 1517 1159 1599 quiaP.Servili01

84 1597 221 1666 locabo
235 1601 409 1681 proconsule
424 1605 453 1662 in
468 1604 617 1665 triennium
629 1602 750 1681 relegati
765 1612 795 1663 et
813 1620 880 1663 mox
895 1604 1023 1664 eiusdem
1037 1603 1133 1665 edicto

129 1685 251 1745 restituti
265 1686 294 1744 in
305 1687 667 1765 provinciaremanserunt,
684 1688 813 1765 proxime
823 1687 874 1748 tibi
885 1688 1052 1765 rescribam,
1070 1705 1134 1747 cum

131 1785 232 1829 causas
250 1769 311 1830 eius
324 1769 422 1830 lactia
439 1768 528 1830 Calvo
542 1771 711 1850 repulsiero.
736 1767 792 1844 Qui
806 1787 822 1832 a
836 1769 907 1831 Iulio
918 1771 1010 1832 basso
1024 1772 1052 1830 in
1067 1786 1160 1850 per-2

129 1861 247 1931 petuam
269 1851 416 1931 relegatus
438 1862 501 1931 est,
526 1872 590 1914 oum
609 1873 663 1934 per
683 1854 826 1914 biennium
845 1855 948 1932 agendi
969 1853 1133 1915 facultatem

129 1935 276 2013 babuerit,
292 1937 317 1996 si
332 1938 509 1998 existimabat
523 1956 556 1998 se
570 1939 670 1997 iniuria
684 1937 857 2015 relegatum,
874 1955 969 2016 neque
983 1937 1012 1998 id
1031 1938 1135 1999 lecerit

84 2027 216 2098 noctque
230 2020 259 2079 in
274 2021 421 2098 provincia
435 2023 538 2081 morari
555 2022 764 2098 perseverarit,
786 2023 899 2082 vinctus
914 2023 985 2081 mitti
999 2021 1034 2081 ad
1051 2039 1135 2100 prae·

129 2101 224 2164 lectos
245 2105 381 2181 praetorii
397 2105 453 2164 mai
470 2103 567 2165 debet.
599 2101 703 2181 Neque
724 2105 799 2164 enim
819 2105 924 2166 suflicit
944 2120 1009 2164 euro
1022 2121 1134 2185 poenae

130 2204 199 2247 suae
214 2187 336 2264 restitui,
352 2205 434 2266 quam
449 2189 625 2249 contumacia
642 2187 735 2248 elusit.

511 2319 610 2380 LVIII.
629 2319 748 2398 [LXVI]

85 2438 121 2491 25
347 2416 374 2467 0.
394 2416 518 2470 PLINIUS
536 2417 681 2469 TRAIANO
699 2416 907 2469 IMPERATORI.

194 2515 265 2578 Cum
279 2519 395 2580 citarem
405 2518 527 2598 iudices,
541 2520 664 2597 domine,
681 2529 852 2581 conventum
865 2518 1057 2597 inchoaturus,
1070 2518 1158 2583 Fla-l

129 2602 194 2662 vius
200 2600 365 2681 Archippus
377 2605 554 2664 vacationem
567 2613 669 2682 petere
684 2605 781 2682 coepit
795 2613 827 2663 ut
839 2602 1037 2682 philosophus.
1060 2601 1160 2664 Fue-2

129 2693 194 2746 runt
215 2686 263 2764 qui
284 2684 413 2746 dicerent
432 2703 490 2746 nou
508 2686 684 2748 liberandum
705 2705 769 2748 eum
785 2687 925 2748 iudicandi
946 2686 1134 2763 necessitate,

130 2767 185 2829 sed
201 2769 314 2830 omuino
328 2767 483 2831 tollendum
499 2769 535 2831 de
548 2771 672 2831 iudicum
685 2787 803 2831 numero
818 2768 1049 2848 reddendumque
1064 2786 1135 2848 poe·

85 2861 202 2929 bonae,
219 2870 302 2932 quam
322 2851 420 2914 bacas
443 2853 566 2916 vinculis
586 2856 736 2917 evasisset.
772 2853 904 2915 Recitata
925 2862 971 2914 est
995 2853 1162 2914 sententiaa

130 2934 198 2995 teli
218 2934 307 2997 Paulli
332 2937 531 3016 proconsulis,
558 2956 613 3017 qua
638 2939 813 3018 probabatur
831 2936 997 3017 Archippus
1020 2937 1137 2996 crimine

131 3017 196 3081 lalsi
214 3019 358 3081 damnatus
372 3021 401 3080 iu
420 3020 578 3082 metallum:
603 3020 654 3084 ille
675 3020 743 3082 nibil
759 3021 925 3100 proferebat
945 3039 1002 3100 quo
1022 3023 1137 3082 restitu-

131 3112 191 3163 tum
205 3119 240 3164 se
254 3102 384 3165 doceret.
415 3104 576 3184 Adlegabat
590 3115 684 3167 tamen
699 3123 752 3186 pro
766 3107 946 3176 restitutione
964 3114 993 3165 et
1008 3103 1136 3164 libellum

131 3204 148 3247 a
162 3204 196 3248 se
210 3185 370 3248 Domitiano
386 3187 479 3250 datum
494 3197 524 3248 et
538 3191 676 3268 epistulas
692 3191 753 3250 eius
772 3189 808 3249 ad
822 3188 959 3250 honorem
975 3203 1056 3248 suum
1071 3204 1137 3266 per÷

87 3272 255 3332 manentes
272 3280 302 3332 et
315 3271 461 3333 decretum
477 3272 667 3334 Prusensium.
697 3272 830 3333 Addebat
849 3272 893 3333 hia
906 3280 937 3332 et
949 3280 1013 3333 tuas
1026 3269 1137 3333 litteras

133 3355 255 3434 scriptas
273 3354 345 3434 sibi,
366 3355 487 3417 addebat
501 3364 531 3418 et
545 3359 633 3436 patris
648 3359 688 3417 tui
703 3357 827 3418 edictum
841 3365 871 3417 et
887 3353 1054 3435 epistulam,
1076 3354 1138 3433 qui·

131 3438 186 3499 bus
202 3439 398 3502 confirmasset
412 3440 552 3502 beneficia
565 3460 582 3502 a
595 3440 755 3501 Domitiano
771 3438 842 3501 data.
874 3438 991 3517 ltaque,
1010 3439 1163 3519 quamvist

132 3521 227 3584 eidem
240 3521 307 3584 talia
324 3525 438 3586 crimina
459 3523 684 3604 adplicarentur,
708 3523 777 3584 nihil
796 3522 1007 3585 decernendum
1027 3521 1136 3600 putavi,

1290 3585 1291 3624 l

1289 3629 1291 3670 l
