2584 3972
619 257 651 322 G.
674 257 771 318 PLINI

675 409 712 470 X.

477 511 504 562 ὓ.
524 509 650 563 PLINIUS
669 509 788 560 ALBINO
806 509 865 561 SUO
885 507 913 562 S.
1095 417 1182 546 X

168 643 180 691 ι
252 626 323 688 Cum
338 629 481 687 venissem
495 629 523 686 in
537 643 638 689 socrus
652 644 733 688 meae
748 624 843 686 villam
858 624 1038 700 Alsiensem,
1056 640 1128 701 quae
1144 623 1196 689 ali·

192 711 303 792 quando
317 710 382 771 Rufi
396 709 513 788 Vergini
534 709 602 788 luit,
625 712 688 790 ipse
707 709 773 769 mibi
793 707 875 769 locus
892 709 990 787 optimi
1003 705 1079 766 illius
1094 715 1124 767 et
1136 725 1197 768 ma-

193 797 260 858 ximi
280 796 333 854 viri
357 793 528 853 desiderium
550 810 607 853 non
624 797 686 854 siue
707 792 808 853 dolore
824 792 980 853 renovavit.
1014 787 1098 850 Hunc
1119 793 1222 854 enim5

193 878 292 941 colere
309 895 457 938 secessum
478 886 563 956 atque
583 879 667 938 etiam
687 877 843 938 senectutIs
865 893 933 936 suae
948 872 1073 934 nidulum
1087 891 1196 935 vocare

145 990 149 1000 Δ
165 970 390 1025 2οοιιευθνοηι.
413 959 600 1039 Quocumque
615 979 661 1022 me
674 959 870 1038 contulissem,
884 958 963 1019 illum
978 960 1101 1036 animus,
1114 956 1197 1018 illum

193 1045 270 1107 oculi
289 1045 480 1125 requirebam.
512 1043 604 1106 Libuit
625 1045 709 1104 etiam
723 1045 923 1104 monimentum
940 1043 1002 1103 eius
1022 1041 1138 1119 ridere,
1166 1051 1197 1102 et

164 1130 296 1194 avidisse
310 1129 456 1207 paenituit.
490 1127 543 1189 Est
559 1130 633 1188 enlm
645 1127 736 1188 adhuc
749 1126 955 1207 inperfectum,
972 1143 1027 1185 uec
1042 1123 1196 1186 dillieultas

191 1214 288 1293 operis
302 1214 331 1271 in
346 1229 447 1290 causa,
469 1212 573 1273 modici
593 1231 627 1272 ac
642 1213 737 1291 potius
752 1211 864 1289 exigui,
888 1208 941 1270 sed
955 1210 1055 1269 inertia
1069 1209 1131 1269 eius
1149 1211 1196 1268 cui
1205 1216 1239 1268 lo

192 1313 260 1358 cura
277 1295 405 1357 mandata
422 1305 478 1356 est.
511 1296 593 1357 Subit
606 1295 759 1373 indignatio
773 1313 837 1355 cum
851 1293 1048 1370 miseratione,
1064 1301 1130 1371 post
1146 1291 1196 1352 de-

192 1382 295 1441 cimum
306 1381 405 1440 mortis
421 1398 522 1440 annum
534 1379 667 1459 reliquias
682 1378 902 1457 neglectumque
919 1378 1043 1436 cinerem
1054 1377 1115 1436 sine
1129 1377 1196 1436 titu-

191 1462 237 1541 lo,
259 1465 321 1523 sine
337 1465 449 1522 nemius
463 1464 577 1539 iacere,
600 1464 680 1523 ouius
694 1463 828 1522 memoria
840 1462 940 1522 orbem
952 1469 1090 1520 terrarum
1103 1458 1197 1537 gloria

167 1554 374 1624 lpervagetm.
396 1545 442 1605 Ad
457 1545 506 1606 ille
518 1545 697 1606 mandaverat
712 1555 883 1623 caveratque
899 1553 929 1604 ut
945 1543 1066 1603 diviuum
1079 1541 1151 1603 illud
1167 1551 1198 1603 et

191 1627 339 1690 inmortale
354 1629 459 1689 lactum
472 1630 604 1690 versibus
618 1629 836 1690 inscriberetur:
1206 1636 1237 1690 15
1286 1695 1287 1708 ,

306 1711 354 1771 bie
370 1715 441 1773 situs
457 1723 502 1774 est
515 1706 625 1790 Rufus,
646 1713 730 1791 pulso
745 1715 792 1792 qui
806 1711 924 1771 Vindice
940 1709 1080 1790 quondam

382 1798 530 1874 imperium
544 1795 668 1857 adseruit
683 1797 808 1858 nonsibi
823 1795 875 1856 sed
890 1796 1008 1875 patriae.
1286 1847 1287 1874 ,

166 1880 261 1942 5'lam
274 1898 336 1940 rara
352 1881 381 1939 iu
401 1881 529 1940 amicitiis
546 1878 635 1959 fides,
656 1889 711 1941 tam
733 1890 828 1960 parata
851 1879 957 1939 oblivio
975 1886 1149 1938 mortuorum
1166 1888 1197 1937 ut
1286 1893 1287 1956 t

191 1966 247 2045 ipsi
261 1965 344 2025 nobis
359 1962 512 2024 debeamus
527 1965 610 2024 etiam
625 1963 781 2025 conditoria
797 1963 929 2024 extru'ere
946 1963 1095 2041 omniaque
1111 1960 1197 2021 bere·
1286 2031 1287 2044 χ

166 2049 257 2112 fidum
269 2047 363 2110 cilicia
378 2066 571 2127 praesumere.
599 2045 670 2106 Nam
685 2050 730 2108 cui
748 2065 805 2109 nou
828 2055 873 2107 est
886 2045 1041 2107 verendum
1058 2043 1135 2125 quod
1152 2046 1195 2103 vi·
1205 2060 1238 2114 20
1286 2053 1287 2110 ζ

192 2132 291 2193 demus
313 2132 453 2194 accidisse
470 2128 629 2210 Verginio?
654 2135 735 2192 ouius
755 2132 882 2191 iniuriam
900 2139 931 2190 ut
950 2130 1137 2208 indigniorem
1152 2129 1197 2190 sic

192 2217 275 2277 etiam
289 2218 429 2276 notiorem
442 2217 533 2295 ipsius
549 2213 660 2276 claritas
677 2215 753 2275 lacit.
783 2214 866 2275 Vale.

670 2365 721 2425 Xl.

472 2461 499 2512 (i.
516 2461 642 2513 PLINIUS
660 2461 791 2513 MAXIMO
807 2462 867 2514 SUO
886 2462 912 2516 S.
1205 2509 1237 2563 ᾖ

168 2596 181 2646 1
256 2579 369 2640 0diem
385 2571 505 2641 laetum!
528 2579 668 2643 adbibitus
687 2583 716 2643 iu
734 2582 883 2643 consilium
902 2600 918 2641 a
939 2581 1089 2662 praelecto
1104 2582 1196 2661 urbis,

192 2663 285 2724 audivi
300 2683 337 2725 ex
353 2663 467 2724 diverso
479 2674 598 2743 agentes
613 2683 737 2728 summae
753 2668 832 2745 spei,
856 2682 980 2726 summae
997 2664 1100 2727 indolis
1115 2666 1197 2726 iuve-

191 2767 261 2827 nes,
277 2747 400 2809 Fuscum
417 2748 601 2811 Salinatorem
615 2759 644 2810 et
657 2748 825 2810 Ummidium
841 2749 1027 2828 Quadratum,
1046 2751 1197 2828 egregium

191 2850 244 2911 par
257 2850 314 2893 nec
332 2831 417 2892 modo
432 2834 608 2912 temporibus
629 2835 735 2893 nostris
756 2832 809 2894 sed
824 2832 925 2894 litteris
940 2835 1011 2912 ipsis
1026 2843 1198 2894 ornamento

163 2915 322 2980 afuturum.
344 2913 415 2974 Mira
431 2917 542 2994 utrique
558 2917 701 2995 probitas,
720 2919 876 2978 constantia
890 2915 985 2995 salva,
1008 2916 1132 2977 decorus
1147 2916 1237 2977 ba-30

191 2998 279 3074 bitus,
295 3013 329 3056 os
342 2996 478 3075 Latinum,
493 3016 551 3058 vox
565 2998 666 3076 virilis,
678 3009 765 3060 tenax
779 3002 924 3079 memoria,
939 3018 1071 3078 magnum
1084 3001 1198 3078 iugeni-
1286 3033 1287 3072 q

191 3099 249 3160 um,
264 3079 396 3141 iudicium
410 3081 546 3159 aequale;
561 3101 634 3162 quae
647 3082 757 3161 singula
773 3084 839 3143 mibi
853 3082 994 3164 voluptati
1009 3083 1135 3161 fuerunt,
1149 3084 1197 3145 ad·
1286 3079 1287 3156 ζ

191 3182 248 3242 que
270 3166 343 3224 iuter
361 3163 434 3224 baec
454 3164 541 3244 illud,
564 3166 640 3246 quod
661 3176 691 3227 et
709 3169 764 3244 ipsi
780 3187 826 3228 me
841 3176 872 3227 ut
886 3177 1045 3246 rectorem,
1061 3176 1093 3228 ut
1106 3169 1198 3245 magi·

191 3257 279 3308 strum
298 3247 477 3309 intuebantur
498 3257 527 3310 et
546 3251 581 3311 iis
603 3252 651 3330 qui
668 3250 818 3312 audiebant
831 3270 877 3312 me
892 3250 1045 3328 aemulari,
1066 3252 1140 3312 mels
1154 3253 1197 3310 iu·

163 3340 266 3396 astare
281 3333 411 3410 vestigiis
425 3332 601 3394 videbantur.
635 3334 660 3395 0
675 3335 748 3396 diem
763 3337 905 3414 (repetam
919 3335 1007 3413 euim)
1024 3333 1130 3395 laetum
1144 3343 1239 3398 noae

191 3416 362 3494 medumque
382 3415 449 3476 mihi
471 3417 669 3479 candidissimo
684 3417 810 3481 calculo!
839 3418 913 3492 Quid
928 3419 1002 3478 enim
1014 3428 1062 3478 aut
1077 3417 1197 3497 publice

190 3497 293 3562 laetius
314 3516 397 3577 quam
419 3499 591 3563 clarissimos
612 3504 729 3564 iuvenes
748 3520 851 3564 nomen
873 3513 902 3566 et
921 3502 1022 3564 lamam
1043 3520 1081 3562 ex
1094 3501 1198 3564 studiis
