2580 3970
168 245 231 310 250
587 243 620 306 0.
643 242 740 307 PLlNl

167 400 206 460 ris
226 397 348 460 adventu
368 399 528 477 legatorum
548 397 669 476 dignitas
689 396 870 459 inumbratur.
909 396 952 458 l'n
972 408 1067 459 tamen
1081 399 1178 460 maior

167 485 296 545 omnibus
312 483 426 563 quidem
442 501 522 559 oras,
539 483 592 544 sed
606 485 668 542 sinc
682 481 767 544 ullius
783 482 973 544 deminutione
985 483 1088 544 maior:
1105 501 1176 543 ean-
1269 547 1270 577 ,

169 566 233 628 dem
247 569 443 630 auctoritatem
457 575 610 644 praesente
631 575 661 626 te
683 567 805 646 quisque
826 582 910 645 quarn
929 567 1049 627 absente
1063 569 1173 628 retine·
1269 607 1270 630 ι

167 652 229 720 bat;
257 653 324 730 quin
345 653 429 712 etiarn
443 650 590 730 plerisque
606 667 643 710 ex
658 667 694 710 eo
708 652 870 711 reverentia
883 660 1064 728 accesserat,
1093 651 1172 730 quod

168 745 197 796 tu
214 753 329 815 quoqne
344 734 411 796 illos
426 734 608 796 reverebare,
632 732 730 814 ltaque
745 733 864 814 perinde
880 736 1098 814 summisatque
1109 736 1173 796 inli-
1192 740 1210 790 5
1269 783 1270 824 ,

166 821 220 879 mis
235 836 328 896 carus,
346 821 387 878 sie
398 819 599 898 imperatorem
613 816 889 896 commilitonemque
903 820 1058 879 misererer
1070 828 1101 879 ut
1111 829 1173 879 stu-
1269 831 1270 848 ¹

167 903 243 964 dium
264 903 385 962 omnium
404 901 588 980 laboremque
611 910 640 962 et
657 911 796 980 tamquam
817 911 935 963 exactor
953 903 1118 963 intenderes
1143 913 1172 964 et

167 996 308 1065 tamquam
324 987 469 1065 particeps
484 987 638 1064 sociusque
652 985 806 1048 relevares.
838 982 954 1048 Felices
968 985 1035 1046 illos
1051 1004 1172 1066 quornm

168 1070 238 1130 fides
255 1080 284 1130 et
298 1070 434 1131 industria
449 1086 505 1130 non
519 1087 573 1149 per
592 1071 778 1130 internuntios
800 1079 829 1130 ct
849 1071 1038 1150 interpretes,
1065 1070 1120 1131 sed
1135 1071 1172 1130 ab

167 1157 232 1232 ipso
248 1162 295 1232 te,
321 1171 376 1214 nee
393 1153 575 1214 auribustuis
594 1152 647 1213 sed
662 1152 755 1215 oculis
769 1153 974 1232 probabantur!
1011 1151 1170 1215 Consecuti
1185 1163 1215 1215 10
1269 1163 1270 1224 l

168 1247 232 1298 sunt
252 1247 283 1297 ut
303 1237 408 1298 absens
430 1253 546 1316 quoque
569 1236 604 1297 de
625 1238 790 1298 absentibus
806 1240 909 1298 nemini
928 1239 1018 1315 magis
1040 1256 1124 1316 quam
1137 1240 1173 1298 ti·
1269 1275 1270 1324 q

117 1322 197 1384 aoht
216 1321 360 1382 crederes.
405 1321 463 1382 lem
484 1331 514 1382 te
530 1323 632 1381 civium
654 1320 794 1381 desideria
816 1322 1006 1400 revocabant,
1033 1339 1172 1383 amorem·
1269 1339 1270 1397 ,

168 1424 224 1485 que
246 1415 400 1466 castromm
422 1405 574 1484 superabat
595 1406 694 1466 caritas
711 1406 828 1484 patriae
862 1405 922 1467 lter
942 1404 1008 1466 inde
1028 1404 1173 1485 placidum

165 1487 373 1549 acmodestum
388 1498 417 1549 et
432 1489 516 1569 plane
532 1507 548 1549 a
563 1505 636 1567 paee
649 1489 803 1550 redeuntis.
829 1487 893 1551 Nee
907 1504 979 1550 vero
996 1507 1053 1568 ego
1067 1491 1097 1549 in
1111 1488 1172 1550 lau·
1269 1537 1270 1550 ,

167 1572 247 1632 dibus
269 1573 323 1632 tuis
345 1590 447 1651 ponam
468 1571 545 1650 quod
565 1573 715 1633 adventum
735 1582 813 1633 tuum
832 1589 888 1634 non
909 1581 992 1652 pater
1007 1575 1212 1652 qnisquam,15
1269 1553 1270 1626 l

164 1674 221 1717 nou
234 1657 349 1715 maritus
365 1658 494 1734 expavit:
509 1655 649 1716 adfectata
661 1657 723 1717 aliis
736 1657 867 1735 castitas,
882 1658 932 1718 tibi
946 1658 1072 1735 ingenita
1086 1666 1116 1718 et
1130 1659 1171 1717 in-

166 1748 244 1817 nata,
259 1740 392 1819 interque
407 1756 440 1799 ea
455 1757 527 1818 quae
546 1740 675 1816 inputare
691 1757 747 1800 non
763 1740 870 1818 possis.
890 1738 993 1802 Nullus
1008 1743 1036 1801 iu
1051 1742 1170 1818 exigen-

168 1826 210 1885 dis
224 1822 363 1884 rehiculis
378 1823 531 1901 tumultus,
547 1821 653 1882 nullum
668 1825 744 1884 cirea
755 1823 877 1902 hospitia
891 1824 1046 1893 fastidium
1060 1843 1171 1886 annona

168 1925 239 1986 quae
260 1908 379 1977 ceteris;
404 1907 438 1968 ad
459 1907 516 1967 boe
537 1907 685 1968 comitatus
706 1906 853 1969 adcinctus
868 1917 898 1968 et
911 1925 1028 1987 parens:
1054 1906 1170 1970 diceres

166 2009 296 2069 magnum
310 1991 433 2070 aliquem
448 1991 565 2069 ducem,
587 2010 621 2052 ac
640 1999 669 2051 te
686 1992 879 2070 potissimum,
899 1991 935 2052 ad
951 1994 1098 2052 exereitus
1111 1994 1211 2053 ire:ttt
1269 2045 1270 2060 ,

166 2075 237 2135 adeo
254 2074 322 2134 nihil
342 2076 389 2136 aut
410 2085 489 2136 certe
504 2092 602 2154 pamm
616 2077 751 2136 intererat
765 2077 838 2136 inter
850 2077 1050 2154 imperatorem
1063 2075 1171 2137 laetum

167 2167 196 2218 et
210 2158 342 2219 futurum.
367 2157 457 2231 Quam
472 2158 615 2220 dissimilis
629 2177 722 2238 nuper
736 2157 852 2220 alterius
869 2161 1006 2240 principis
1020 2157 1170 2222 transitus!

166 2244 190 2302 si
206 2252 299 2303 tamen
313 2244 446 2305 transitus
461 2242 529 2322 ille,
544 2260 601 2303 non
611 2242 759 2322 populatio
777 2243 844 2320 luit,
862 2261 926 2303 cnm
940 2245 1057 2306 abactus
1071 2244 1171 2322 bospi-
1269 2287 1270 2325 ,

168 2335 224 2385 tum
247 2335 414 2404 exerceret,
438 2327 586 2406 omniaque
607 2327 707 2388 dextra
727 2327 866 2406 laevaque
882 2336 999 2407 perusta
1015 2337 1045 2388 et
1064 2331 1169 2405 aurita,
1269 2389 1270 2404 ,

166 2417 196 2467 ut
217 2410 241 2467 ai
262 2411 305 2468 ris
327 2407 421 2486 aliqua
441 2409 489 2469 rel
509 2412 564 2489 ipsi
584 2408 625 2468 illi
640 2410 751 2470 barbari
767 2429 840 2488 qnos
854 2410 983 2490 fugiebat
998 2411 1208 2476 inciderentli
1269 2427 1270 2486 j

166 2490 393 2551 Persuadendum
410 2493 564 2570 provinciis
580 2501 641 2554 erat
655 2491 725 2553 illud
746 2495 801 2555 iter
820 2494 971 2556 Domitiani
992 2495 1095 2574 fuisse,
1112 2513 1170 2558 non
1269 2495 1270 2531 l

166 2575 312 2654 principis.
348 2574 447 2656 ltaque
468 2593 526 2636 uon
547 2585 602 2638 tam
623 2594 677 2656 pro
697 2586 744 2638 tua
763 2577 855 2656 gloria
876 2597 959 2658 quam
978 2597 1032 2659 pro
1047 2580 1170 2642 utilitate
1269 2575 1270 2634 ἶ

166 2661 305 2720 communi
326 2658 422 2721 edicto
444 2660 592 2722 subiecisti
607 2660 674 2740 quid
686 2662 715 2722 in
730 2672 880 2743 utrumqne
894 2674 1020 2725 vestrum
1034 2673 1114 2725 esset
1128 2665 1170 2724 in·
1269 2673 1270 2726 l

165 2761 294 2822 pensum.
327 2744 489 2806 Adsuescat
508 2747 662 2824 imperator
676 2763 739 2806 eum
753 2749 873 2827 imperio
888 2747 1028 2810 calculum
1042 2766 1169 2828 ponere:
1269 2743 1270 2836 l

165 2829 207 2886 sic
221 2838 323 2906 exeat,
351 2830 394 2890 sic
408 2829 523 2907 redeat,
551 2839 692 2908 tamquam
711 2833 849 2891 rationem
868 2832 1046 2902 redditurum
1072 2831 1208 2893 edicatat
1269 2837 1270 2850 ³

166 2910 232 2988 quid
247 2912 445 2991 absumpserit.
472 2911 514 2972 lta
528 2913 578 2973 liet
588 2921 619 2972 ut
633 2930 688 2973 non
705 2915 835 2975 absumat
849 2915 926 2994 quod
941 2915 1046 2994 pudeat
1059 2915 1168 2977 dicere.

164 2993 315 3054 Praeterea
337 2994 421 3056 futuri
441 2997 604 3076 principes,
627 2996 716 3058 velint
736 2998 842 3078 nolint,
864 3000 955 3060 sciant
969 2999 1049 3059 l'anti
1065 3001 1167 3077 [tuum]

165 3084 293 3155 constat,
319 3080 535 3158 propositisque
556 3079 666 3141 dnobus
692 3082 830 3160 exemplis
852 3086 1028 3145 meminerint
1047 3081 1169 3162 perinde

164 3163 354 3223 coniecturam
369 3162 405 3224 de
420 3163 546 3226 moribus
561 3165 623 3224 suis
634 3164 763 3227 lromines
775 3184 842 3228 esse
854 3166 997 3244 facturos,
1014 3176 1101 3245 prout
1111 3167 1169 3227 boc

163 3243 210 3304 vel
225 3243 294 3304 illud
308 3245 458 3325 elegerint.
1176 3257 1209 3312 35

112 3325 151 3389 21
225 3326 327 3390 Nonne
341 3330 385 3392 his
399 3340 441 3392 tot
456 3333 596 3412 tantisque
608 3333 716 3393 meritis
730 3351 822 3395 noros
837 3332 949 3413 aliquos
960 3334 1103 3411 honores,
1117 3351 1168 3394 no·

162 3429 215 3474 ros
236 3413 333 3473 titulos
356 3413 525 3476 merebere?
552 3416 593 3476 At
612 3427 642 3476 tu
663 3418 747 3477 etiam
769 3419 857 3496 patris
874 3419 982 3496 patriae
1001 3417 1167 3479 recusabas.

163 3494 252 3569 Quam
272 3496 358 3576 longa
379 3499 462 3559 nobis
478 3517 540 3558 curn
554 3499 692 3562 modestia
710 3509 757 3561 tua
773 3501 883 3578 pugna!
910 3519 992 3580 quarn
1006 3501 1086 3562 tarde
1100 3503 1172 3560 vici·
